3559 5184
1691 195 1773 254 44

389 460 644 542 eligitur
699 461 988 541 sequenti
1043 460 1362 551 ¹adiectivo'
1412 455 1672 536 λοιπός.
1761 459 1914 524 Eur.
1964 460 2212 525 Heracl.
2260 466 2386 523 862
2453 461 2569 527 τὸν
2624 461 3071 550 στρατηλάτην

388 571 566 664 ἷίγων
611 579 618 663 Ι
668 577 782 644 τὸν
841 573 1095 662 ὄλβιον
1123 559 1446 662 πᾶρὸεθε.
1529 577 1668 644 Hoc
1725 579 1863 644 loco
1926 574 2373 668 στρατηλάτης
2426 581 2779 648 accuratius
2836 581 3069 646 descri-

389 697 564 764 bitur
615 698 926 764 adiectivo
981 689 1210 781 ὄλβιος
1265 693 1584 782 πάροιθε.
1676 696 1929 779 Fragm.
1980 701 2103 761 357
2162 703 2319 776 ναῦς
2363 693 2401 784 ἦ
2457 695 2727 787 μεγίστη
2768 703 3072 784 κρεῖσσον

389 811 434 904 ἢ
485 815 718 900 μικρὸν
769 810 1067 904 σκάφος,
1125 838 1210 882 ea
1253 818 1434 882 navis
1475 837 1638 900 quae
1682 817 1960 880 maxima
2002 821 2135 893 est3
2192 817 2571 886 adjectivum
2614 819 2781 882 enim
2821 825 3070 902 partem

389 915 656 1013 indicat,
715 956 878 1016 quae
931 957 1011 1000 ex
1053 935 1432 1000 substantivi
1473 938 1728 999 notione
1773 918 2141 1012 desumitur,
2190 934 2298 998 ‘vel
2342 935 2711 1002 accuratius.
2734 937 3070 1018 significat,

391 1051 470 1116 de
512 1051 687 1133 quali
731 1053 876 1118 navi
917 1035 1120 1118 sermo
1162 1054 1266 1118 sit.
1348 1052 1658 1138 Persaepe
1699 1053 1785 1130 id,
1842 1053 2019 1134 quod·
2060 1053 2210 1131 dixi,
2254 1053 2574 1118 observari
2618 1055 2781 1134 licet,
2826 1057 2881 1120 si
2922 1061 3071 1140 post

391 1170 856 1238 substantivum
898 1173 1222 1253 genetivus
1261 1171 1360 1238 vel
1401 1172 1775 1237 adjectivum
1824 1173 2095 1236 nominis
2135 1173 2379 1256 proprii
2424 1173 2747 1240 cuiusdam
2795 1174 3070 1258 ponitur,

391 1288 623 1370 quibus
679 1293 1048 1380 accuratius⁷
1085 1292 1545 1357 substantivum
1604 1290 1958 1371 definitur&⁴
1986 1295 2062 1362 ut
2102 1289 2325 1356 Aesch.
2352 1291 2579 1357 .·Prom.
2636 1297 2793 1358 1032
2856 1287 3070 1374 στόμα

391 1404 466 1470 τὸ
505 1411 694 1472 Δῖον.
771 1407 965 1494 Soph.
997 1410 1094 1473 Ai.
1126 1415 1242 1474 201
1294 1409 1454 1487 ναὸς
1497 1404 1746 1495 ἀρωγοὶ
1792 1413 1907 1496 τῆς
1947 1401 2271 1487 Αἴαντος.
2357 1409 2508 1474 Eur.
2544 1411 2651 1475 Or.
2692 1415 2816 1476 923
2856 1397 3070 1476 παῖδα
3162 1449 3166 1453 -

392 1524 510 1590 τὸν
541 1520 1047 1610 Ἀγαμέμνονος.
1123 1529 1372 1594 Heracl.
1401 1533 1524 1592 323
1571 1526 1679 1593 καὶ
1721 1525 2045 1592 τέκνοισιν
2086 1519 2365 1612 ἥρκεσας
2411 1529 2419 1612 Ι
2468 1533 2611 1606 τοῖς
2635 1523 3073 1612 (Ηρακλείοις.

395 1643 821 1713 Usitatissima
867 1667 1008 1711 vero
1053 1653 1202 1710 sunt
1257 1647 1634 1730 pronomina
1685 1646 2035 1730 possessiva
2077 1666 2216 1709 cum
2262 1646 2531 1712 articulo
2590 1654 2737 1732 post
2778 1646 3073 1711 substan-

395 1763 526 1828 tiva
567 1763 904 1843 collocata,
958 1765 1190 1846 quibus
1231 1765 1450 1830 eodem
1497 1764 1684 1829 modo
1727 1763 2189 1828 substantivum
2232 1765 2589 1830 accuratius
2630 1763 2947 1842 definitur,
3001 1770 3075 1827 ut

395 1881 618 1946 Aesch.
667 1881 875 1948 Prom.
923 1888 1043 1946 646
1097 1881 1167 1962 ἐς
1221 1886 1662 1964 παρθενῶνας
1714 1881 1873 1960 τοὺς
1914 1877 2135 1965 ἐμούς.
2228 1883 2421 1968 Soph.
2468 1883 2567 1950 Ai.
2609 1888 2732 1948 493
2778 1877 2963 1970 εὐνῆς
3004 1906 3075 1946 τε

395 2002 513 2088 τῆς
553 2005 686 2088 σῆς.
775 1999 929 2066 Eur.
971 2001 1138 2066 Med.
1186 2008 1306 2066 {196
1349 1999 1636 2066 τέκνοισι
1667 1993 1825 2078 ’τοῖς
1868 1999 2075 2082 ἐμοῖς.

625 2117 888 2204 Saepius
937 2121 1021 2184 ad
1077 2141 1303 2185 nomen
1373 2121 1698 2204 proprium
1759 2119 2124 2203 apponitur·
2158 2119 2535 2184 adjectivum
2592 2138 2730 2182 cum
2789 2117 3075 2200 articulo,

397 2257 524 2302 non
583 2244 655 2301 ut
709 2238 1170 2314 substantivum
1227 2239 1610 2306 accuratius,
1641 2237 2007 2315 definiatur,
2072 2257 2209 2300 cum
2258 2236 2511 2327 nomina
2550 2237 2815 2320 propria
2854 2257 3077 2320 perse

397 2353 536 2438 ipsa
577 2355 734 2420 satis
781 2355 1040 2420 definita
1085 2358 1240 2435 siut,
1301 2357 1412 2422 sed
1456 2364 1826 2440 propterea,
1881 2355 2057 2437 quod.
2094 2357 2232 2422 cu‘m
2277 2337 2528 2420 nomine
2562 2354 2840 2438 proprio,
2899 2351 3073 2434 quod

400 2493 655 2553 quoque
697 2473 835 2539 loco
881 2483 1105 2554 exstat,
1147 2477 1440 2556 coniungi
1483 2474 1690 2540 solent
1729 2481 1923 2554 atque
1958 2473 2229 2538 orationi
2271 2472 2673 2536 exornandae
2715 2471 3076 2574 inserviunt,

401 2609 562 2671 quae
615 2592 922 2658 adiectiva
975 2593 1258 2679 epitheta
1299 2594 1588 2658 ornantia
1603 2593 2041 2658 ‹nom-mamus.
2134 2590 2341 2672 Atque
2384 2611 2523 2656 cum
2570 2591 2663 2654 eis
2704 2589 2908 2656 verbis
2950 2609 3076 2655 non

401 2728 559 2792 opus
617 2711 700 2775 sit
749 2711 832 2776 ad
890 2712 1370 2794 intellegendam
1427 2712 1801 2782 sententiam
1856 2709 1937 2775 ob
1995 2729 2256 2790 eamque
2295 2729 2425 2772 rem
2474 2707 2731 2772 minoris
2776 2707 3071 2772 momenti

400 2827 554 2904 sint,
622 2848 749 2892 non
805 2807 1030 2895 mirum¹
1083 2839 1205 2910 est,
1279 2831 1450 2913 quod
1507 2829 1901 2896 substantivo
1952 2829 2311 2914 ‚postposita
2368 2831 2535 2891 sunt.
2622 2825 2720 2890 Ex
2770 2825 3074 2910 exemplis

401 2945 595 3010 affero
633 2947 854 3011 Aesch.
885 2948 1056 3014 Pers.
1081 2956 1200 3013 532
1241 2953 1520 3030 Περσῶν
1564 2953 1692 3014 τῶν
1733 2942 2161 3032 μεγαλαύχων
2205 2945 2317 3012 καὶ
2359 2940 2809 3029 πολυάνδρων.
2880 2943 3074 3028 Soph.

405 3063 557 3128 Oed.
605 3063 737 3130 Col.
795 3071 951 3130 1768
1003 3063 1230 3156 Θήβας
1269 3069 1324 3133 δ’
1366 3064 1541 3156 ἡμᾶς
1583 3065 1710 3145 τὰς
1746 3060 2083 3151 ὠγυγίους.
2171 3065 2323 3149 Eur.
2370 3063 2599 3128 Troad.
2649 3069 2805 3128 1115
2841 3057 3075 3128 Ἑλλά-

403 3183 471 3248 δι
524 3187 608 3270 τᾷ
662 3181 936 3274 μεγάλᾳ.
1018 3186 1224 3252 Etiam
1273 3186 1466 3272 Soph.
1517 3186 1616 3249 Ai.
1666 3189 1742 3248 19
1802 3178 2055 3250 Αἴαντι
2110 3189 2205 3270 τῷ
2264 3179 2657 3269 σακεσφόρῳ
2720 3180 2824 3245 hic
2866 3179 3078 3244 afferri

401 3309 626 3386 potest,
687 3323 1062 3386 quamquam
1103 3305 1290 3371 etiam
1334 3303 1662 3389 exemplis·
1689 3303 1911 3388 paullo
1957 3309 2107 3368 ante
2148 3301 2375 3368 allatis
2404 3301 2807 3367 adnumerari
2850 3305 3078 3385 potest.

403 3419 572 3484 Illud
634 3422 796 3488 enim
868 3421 1192 3508 epitheton
1250 3422 1425 3488 Aiaci
1485 3443 1672 3508 saepe
1730 3421 1947 3486 datum
2012 3420 2274 3498 videtur,
2344 3427 2417 3484 ut
2476 3421 2937 3486 discerneretur
2998 3415 3081 3483 ab

402 3537 602 3604 altero
645 3539 849 3619 Aiace,
895 3541 1066 3624 quod
1107 3542 1232 3609 iam
1275 3539 1597 3608 Nauckius
1641 3541 1931 3606 adnotat.
2486 3626 2492 3632 Ο

629 3656 951 3726 Interdum
995 3661 1183 3726 etiam
1225 3659 1542 3726 rhetorica
1583 3660 1833 3724 ratione
1876 3657 2100 3724 Aesch.
2136 3656 2333 3742 Soph.
2364 3655 2517 3720 Eur.
2554 3654 2638 3718 ad
2681 3653 2845 3720 hanc
2889 3651 3085 3718 collo-
3156 3681 3169 3688 ⁷

403 3776 708 3842 cationem
755 3778 1182 3861 usurpandam
1224 3777 1482 3843 adducti
1525 3799 1592 3842 es
1604 3799 1670 3842 se
1715 3778 2020 3854 videntur,
2078 3783 2153 3841 ut
2192 3775 2387 3860 Soph.
2436 3774 2589 3839 Oed.
2634 3772 2770 3838 Rex
2822 3779 2844 3836 l
2897 3765 3086 3840 Κάδ-

403 3918 535 3979 μου
596 3900 716 3960 τοῦ
771 3893 984 3966 πάλαι
1030 3895 1142 3961 νέα
1185 3878 1428 3985 τροφήζ
1483 3895 1595 3964 ubi
1640 3895 2025 3992 Sophoclem
2072 3894 2263 3960 verba
2306 3889 2522 3959 πάλαι
2566 3898 2630 3958 et
2672 3889 2788 3956 νέα
2834 3890 3089 3975 opposi-

409 4014 597 4082 tionis
635 4035 824 4084 causa
867 4035 994 4080 non
1034 4015 1378 4082 seiunxisse
1420 4014 1742 4080 Nauckius
1786 4014 2075 4080 adnotat.
2159 4012 2310 4077 Eur.
2356 4011 2522 4075 Med.
2563 4016 2597 4075 7
2604 4015 2682 4076 92
2726 4007 2917 4074 τέκνα
2963 4005 3089 4094 γὰρ

410 4137 778 4200 κατακτενῶ
827 4133 834 4218 Ι
881 4126 1051 4218 τᾶμ’.
1133 4133 1208 4198 In
1254 4133 1443 4198 verbo
1506 4124 1656 4214 τᾶμ’
1701 4133 1980 4200 maxima
2039 4132 2129 4196 vis
2171 4130 2379 4214 posita
2416 4137 2543 4206 est,
2596 4135 2669 4193 ut
2714 4125 2944 4192 clarius
2984 4147 3092 4190 ex-

410 4253 738 4338 primatur,
798 4271 988 4332 quam
1029 4259 1216 4316 atrox
1262 4251 1502 4316 facinus
1547 4251 1771 4318 Medea
1815 4246 2151 4338 patratum
2190 4249 2292 4314 sit.
2382 4248 2588 4325 Quam
2632 4246 2713 4313 ob
2756 4267 2891 4310 rem
2934 4243 3088 4308 illud

412 4391 760 4456 pronomen
805 4370 1092 4435 consulto
1140 4372 1207 4433 in
1251 4371 1458 4455 primo
1508 4390 1724 4434 versus
1765 4369 1905 4434 loco
1946 4368 2227 4453 positum
2268 4374 2381 4431 est.

1777 4733 1823 4759 *d

2000 4795 2031 4826 s

1541 4877 1576 4904 o
1733 4805 1943 4896 ἵξῃ)
