3559 5184
1677 71 1860 178 38*

389 405 531 449 cum
572 385 965 450 substantivo
1009 385 1360 450 cohaereat.
1433 384 1646 452 Etiam
1675 385 1870 470 Soph.
1902 385 2049 458 Ant.
2086 391 2207 448 365
2254 381 2470 470 σοφόν
2504 408 2571 450 τι
2612 383 2689 452 τὸ
2737 381 3059 472 μηχανόεν

277 559 281 563 .
388 501 616 582 τέχνας
669 498 837 588 ὑπὲρ
893 500 1106 570 ἐλπίδ’
1152 499 1314 585 ἔχων
1371 503 1564 568 verba
1621 499 1837 591 σοφόν
1891 529 1987 582 τι,
2048 525 2193 568 cum
2234 503 2363 568 fere
2406 503 2873 570 substantivum
2916 505 3059 582 sint,

389 643 506 706 pro
561 622 956 706 appositione
1011 621 1306 686 habenda
1365 629 1534 688 sunt.
1579 660 1658 670 —-
1715 621 1791 686 In
1833 622 1930 685 Ai.
1984 643 2165 686 versu
2188 671 2193 674 -
2216 627 2373 688 1285
2436 619 2512 688 οὐ
2574 622 2904 709 δραπέτην
2946 619 3062 711 τὸν

391 739 626 828 κλῆρον
669 738 738 818 ἐς
773 737 979 824 μέσον
1021 737 1276 819 καθείς,
1302 741 1312 825 Ι
1355 779 1436 788 --
1479 735 1618 814 ἀλλ’
1659 733 1736 820 ὃς
1765 780 1843 788 -
1880 737 2107 825 ἔμελλε
2136 777 2217 788 -—
2252 745 2551 828 κουφιεῖν
2592 741 2855 806 verbum
2900 743 3062 829 δρα-

392 857 596 944 πέτην
638 859 747 921 vix
785 858 1157 924 attributive
1201 859 1491 924 collocari
1534 866 1801 944 poterat,
1846 881 1989 926 cum
2032 865 2388 944 opponatur
2430 862 2759 926 enuntiato
2800 861 3065 928 relativo

395 969 470 1054 ὃς
514 1017 593 1024 --
636 971 864 1058 ἔμελλε
905 1016 966 1024 —-
1013 982 1315 1064 κουφιεῖν
1356 985 1422 1042 et
1467 999 1686 1042 sensus
1723 980 1838 1042 sit:
1896 977 2113 1050 Talem
2152 985 2386 1042 sortem
2430 979 2659 1044 deiecit
2700 981 2767 1044 in
2803 979 3063 1062 galeam,

393 1116 558 1176 quae
600 1117 726 1160 non
767 1103 1178 1174 evanesceret,
1224 1096 1336 1175 vel,
1379 1103 1454 1160 ut
1495 1117 1620 1161 non
1672 1103 2085 1162 evanesceret.

571 1275 576 1280 .
621 1214 880 1280 Praeter
934 1235 1148 1280 omnes
1203 1235 1350 1280 vero
1406 1215 1573 1280 locos
1629 1215 1857 1281 allatos
1898 1216 2007 1280 alii
2051 1223 2417 1300 supersunt,
2470 1210 2701 1296 quibus
2740 1215 3065 1281 collocatio

395 1333 844 1398 adiectivorum
885 1333 1312 1418 praedicativa
1351 1355 1426 1398 ea
1467 1355 1536 1398 re
1579 1335 1865 1398 excusari
1907 1341 2121 1418 potest
2134 1384 2148 1412 ‚
2192 1335 2365 1414 quod
2406 1333 2533 1398 alia
2574 1332 2911 1412 attributa,
2968 1333 3067 1398 vel

395 1451 705 1516 adiectiva
744 1453 844 1516 vel
903 1453 1173 1534 genetivi
1218 1452 1315 1516 vel
1367 1453 1494 1517 alia
1535 1453 1728 1517 verba
1770 1453 1939 1516 inter
1977 1453 2315 1518 articulum
2358 1459 2423 1516 et
2466 1452 2932 1518 substantivum
2973 1453 3070 1516 in-

397 1571 745 1638 tercedunt.
835 1569 1094 1636 Talibus
1151 1572 1316 1635 enim
1374 1571 1582 1636 verbis
1641 1571 2033 1656 interpositis
2074 1573 2383 1640 adiectiva
2417 1571 2517 1638 vel
2564 1572 2836 1653 genetivi
2876 1572 3070 1634 etiam

398 1688 664 1754 articulo
707 1711 832 1754 non
874 1691 1143 1774 repetito
1187 1690 1654 1756 substantivum
1696 1690 2019 1754 interdum
2071 1695 2473 1771 sequuntur.¹
2564 1689 2874 1775 Exempla
2914 1689 3070 1754 haec

398 1806 528 1870 fere
569 1814 749 1871 sunt:
807 1807 1030 1879 Aesch.
1079 1807 1360 1892 Choeph.
1407 1815 1530 1872 496
1578 1799 1676 1893 ἆρ’
1723 1803 1937 1895 ὀρθὸν
1980 1804 2189 1893 αἴρεις
2233 1807 2553 1897 φίλτατον
2598 1807 2673 1874 τὸ
2720 1807 2837 1874 σὸν
2879 1803 3069 1892 κόρα.

402 1924 594 2009 Soph.
641 1924 866 1991 Trach.
913 1931 1035 1990 275
1099 1921 1136 1990 ὁ
1195 1929 1324 1991 τῶν
1382 1922 1696 1993 ἁπάντων
1744 1924 1915 2004 Ζεὺς
1970 1926 2193 2014 πατὴρ
2225 1923 2635 2012 “Ὀλυ’μπιος.
2720 1927 2884 1991 Phil.
2929 1933 3072 1990 394.

403 2044 557 2108 Oed.
615 2043 745 2109 Col.
807 2051 946 2110 695.
1033 2044 1185 2108 Eur.
1243 2044 1476 2110 Phoen.
1535 2051 1679 2114 328.
1783 2045 1923 2110 Hel.
1972 2051 2115 2110 457.
2216 2046 2479 2112 Duobus
2534 2047 2687 2112 locis
2738 2067 2811 2112 eo
2868 2047 3076 2111 minus

403 2163 761 2230 offensionis
802 2165 869 2227 in
912 2163 1034 2228 hac
1075 2163 1484 2229 collocatione
1524 2165 1704 2244 inest,
1743 2186 1888 2229 cum
1930 2172 2065 2234 tam
2098 2167 2303 2230 multa
2334 2167 2649 2232 attributa
2681 2165 3077 2230 intercedant

401 2283 567 2345 inter
609 2283 946 2348 articulum
989 2289 1054 2346 et
1095 2283 1563 2357 substantivum
1577 2334 1590 2355 ,
1648 2291 1722 2348 ut
1765 2285 1872 2348 vix
1914 2284 2101 2369 plura
2141 2257 2457 2370 interponi
2498 2285 2775 2368 possint:
2851 2283 3075 2348 Aesch.

403 2399 574 2466 Pers.
611 2406 741 2466 130
797 2401 910 2466 τὸν
972 2396 1413 2488 ἀμφίζευκτον
1471 2399 1843 2485 ἐξαμείψας
1897 2397 2283 2492 ἀμφοτέρας
2341 2401 2532 2468 ἅλιον
2584 2407 2816 2490 πρῶνα
2860 2401 3079 2467 κοινὸν

407 2514 560 2598 αἶἀς
605 2526 670 2583 et
715 2526 836 2582 634
893 2517 1204 2608 βάρβαρα
1259 2525 1519 2608 σαφηνῆ
1576 2516 1785 2600 ἱέντος
1841 2520 1923 2587 τὰ
1982 2520 2289 2588 παναίολ’
2335 2519 2525 2608 αἰανῆ
2570 2518 2873 2606 δύσθροα
2914 2515 3080 2607 βάγ-

403 2662 600 2722 ματα.
681 2637 758 2702 111
799 2637 898 2702 his
938 2640 1117 2703 locis:
1163 2638 1388 2703 Aesch.
1423 2639 1539 2721 Ag.
1587 2647 1731 2704 1641
1788 2634 1823 2704 ὁ
1874 2641 2183 2728 δυσφιλεῖ
2236 2636 2449 2726 σκότῳ
2499 2641 2505 2725 Ι
2554 2639 2745 2725 λιμὸς
2788 2636 3083 2721 ξύνοικος

407 2763 472 2820 et
516 2756 708 2842 Soph.
752 2757 900 2822 Ant.
933 2763 1054 2820 487
1097 2763 1213 2822 τοῦ
1259 2756 1510 2836 παντὸς
1551 2754 1705 2846 ἡμῖν
1749 2756 1963 2845 Ζηνὸς
2002 2755 2255 2844 ἑρκείου
2298 2781 2455 2844 pars
2490 2766 2743 2824 tantum
2786 2759 3079 2824 attributi

409 2883 557 2960 post
600 2875 1067 2940 substantivum
1112 2873 1418 2941 collocata
1454 2884 1568 2941 est.
1657 2877 2011 2943 Cohaerent
2054 2877 2221 2943 enim
2262 2879 2455 2944 verba
2512 2879 2820 2966 δυσφιλεῖ
2870 2873 3081 2964 σκότῳ

411 3017 553 3058 cum
599 2990 896 3074 ξύνοικος
938 3002 1004 3060 et
1046 2992 1201 3085 ἡμῖν
1248 3017 1390 3060 cum
1431 2991 1705 3080 ἑρκείου.

640 3113 965 3179 Postremo
1035 3115 1618 3180 commemorandus
1681 3115 1923 3178 videtur
1980 3113 2131 3178 Eur.
2186 3115 2293 3179 Or.
2358 3135 2570 3179 versus
2630 3118 2751 3177 230
2814 3109 3086 3200 ἀνιαρὸν

415 3257 490 3298 ον
526 3230 602 3298 τὸ
651 3238 883 3321 κτῆμα,
943 3254 1068 3314 quo
1112 3234 1246 3298 loco
1290 3233 1632 3298 articulum
1671 3232 2050 3297 mutandum
2094 3254 2229 3298 esse
2270 3234 2397 3297 iam
2419 3233 2733 3297 viderunt
2774 3233 3086 3298 Herman-

412 3371 547 3429 nus‚
588 3353 699 3432 qui
741 3352 994 3437 scripsit
1035 3345 1214 3430 όντα,
1257 3359 1323 3416 et
1365 3351 1480 3416 Kir
1484 3351 1809 3430 chhoffius,
1854 3353 1967 3432 qui
2010 3352 2263 3434 scripsit
2309 3343 2383 3416 όν
2424 3375 2509 3416 τι.

639 3469 814 3534 Haec
857 3469 987 3534 fere
1042 3477 1190 3534 sunt
1233 3471 1548 3555 exempla,
1605 3471 1672 3534 111
1729 3471 1961 3552 quibus
2020 3469 2330 3534 adjectiva
2372 3489 2499 3534 non
2541 3469 2708 3536 inter
2746 3443 3088 3536 articulum

417 3595 481 3654 et
536 3589 1000 3654 substantivum
1072 3590 1446 3674 interposita
1500 3596 1666 3654 sunt.
1755 3590 1877 3667 Qui
1947 3595 2275 3674 praeterea
2330 3588 2631 3652 eiusmodi
2688 3589 3091 3654 inveniuntur

415 3708 550 3785 loci,
594 3707 704 3771 ubi
745 3708 1053 3772 adiectiva
1091 3706 1313 3793 μέσος,
1359 3701 1577 3793 ἄκρος,
1623 3704 1829 3792 μόνος
1870 3707 2099 3772 similia
2140 3709 2305 3771 inter
2332 3706 2671 3798 articulum
2700 3715 2765 3772 et
2796 3708 3089 3773 substan-

415 3827 616 3890 tivum
674 3847 797 3890 non
857 3833 1111 3892 exstant
1127 3878 1140 3905 ‚
1210 3828 1338 3891 iam
1395 3848 1435 3891 a
1477 3825 1782 3893 Kiihnero
1807 3833 1833 3870 2
1883 3833 1949 3892 et
1990 3826 2313 3908 Kriigero3
2380 3827 2847 3891 commemorati
2902 3835 3088 3905 sunt3

407 3945 643 4009 ‚deinde
687 3946 765 4008 de
807 3945 1212 4010 collocatione
1247 3945 1419 4021 verbi
1454 3950 1592 4024 πᾶς
1620 3945 1857 4010 eidem⁴
1895 3944 2345 4010 disseruerunt.
2420 3946 2757 4010 Praeterea
2783 3945 3091 4011 adiectiva

418 4063 766 4128 numeralia
810 4084 935 4145 quo
977 4065 1164 4130 modo
1207 4064 1514 4129 collocata
1559 4064 1702 4142 sint,
1747 4063 2090 4128 Kiihnerus
2116 4069 2140 4107 ⁵
2189 4065 2317 4130 iam
2360 4064 2733 4130 observavit.
2809 4064 2904 4128 De
2947 4087 3092 4149 pro-

419 4183 744 4247 nominum
787 4172 983 4262 οὗτος
1025 4189 1090 4248 et
1138 4180 1252 4248 ὅδε
1296 4182 1704 4265 collocatione
1751 4183 1887 4247 vide
1930 4203 2093 4264 quae
2134 4183 2496 4265 Kriigerus⁶
2546 4183 2727 4246 dixit.

555 4367 597 4436 ι)
652 4369 719 4422 cf.
753 4369 1059 4436 Krslgerum
1095 4370 1128 4422 l.
1166 4386 1210 4423 c.
1245 4369 1287 4435 Ι,
1332 4367 1362 4438 ξ
1398 4369 1482 4434 50,
1520 4369 1568 4433 9,
1605 4369 1652 4421 8.

553 4473 602 4540 ²)
658 4473 694 4524 l.
732 4489 775 4526 c.
812 4473 882 4538 II,
923 4475 967 4538 1,
1011 4473 1042 4543 ἓ
1079 4473 1198 4538 465,
1241 4475 1302 4526 13
1339 4475 1396 4525 et
1433 4471 1463 4540 ἓ
1505 4471 1622 4536 464,
1660 4473 1709 4524 6.
1926 4469 1973 4536 ³)
2027 4471 2062 4522 l.
2100 4487 2143 4524 c.
2180 4471 2222 4537 Ι,
2261 4473 2344 4536 50,
2386 4473 2466 4536 11,
2503 4471 2552 4522 5.

548 4577 596 4644 ⁴)
649 4576 938 4630 Kflhnerus
973 4577 1008 4629 l.
1041 4591 1085 4629 c.
1122 4576 1192 4642 ΙΙ,
1236 4578 1278 4640 1,
1314 4579 1344 4640 ἓ
1385 4577 1505 4640 465,
1542 4575 1574 4626 6
1616 4577 1674 4627 et
1707 4574 1985 4641 Kriigerus
2019 4574 2053 4626 1.
2088 4591 2131 4628 c.
2168 4575 2209 4640 I,
2250 4575 2335 4640 50,
2374 4577 2455 4640 11,
2496 4575 2530 4628 8
2568 4590 2676 4640 sqq.

555 4679 607 4746 ⁵)
658 4680 692 4734 1.
729 4697 773 4733 c.
810 4681 879 4748 ΙΙ,
921 4685 964 4748 1,
1005 4686 1035 4746 ς
1071 4681 1191 4745 465,
1231 4680 1311 4734 13.
1519 4677 1566 4744 ⁶)
1621 4677 1654 4730 1.
1687 4693 1732 4730 c.
1765 4677 1808 4742 Ι,
1843 4679 1928 4745 50,
1968 4681 2048 4745 11,
2089 4681 2152 4733 19
2190 4693 2321 4746 sqq..
