3559 5184
1625 165 2035 270 ..A-9*

487 437 728 505 Semele
784 459 824 506 a
879 460 946 504 se
998 461 1316 506 removere
1372 461 1497 506 non
1542 448 1795 526 poterat
1808 493 1823 520 ,
1882 442 1996 506 sed
2054 447 2307 506 tantum
2348 440 2600 527 culpam
2642 438 2771 505 sive
2812 442 3159 526 peccatum,

486 560 659 642 quod
700 557 766 622 in
800 534 1088 640 coniugio
1129 567 1240 638 est,
1284 559 1416 624 Iovi
1460 560 1740 624 tribuere
1763 566 2055 648 poterat.
2131 559 2231 624 Ita
2270 566 2600 644 peccatum
2642 567 2967 640 tamquam
2996 579 3164 652 *pars

490 678 760 759 coniugii
805 684 920 742 est.
2166 729 2171 734 .

715 795 1056 862 Praeterea
1106 815 1250 860 vero
1307 795 1493 862 multi
1549 795 1658 862 alii
1714 794 1835 860 loci
1889 802 2143 862 exstant
2197 797 2265 860 in
2320 795 2551 860 fabulis
2590 798 2925 881 poetarum
2964 795 3163 876 tragi-

487 936 702 980 corum
717 966 730 992 ,
803 913 1034 996 quibus
1077 914 1297 978 eadem
1335 914 1668 980 collocatio
1710 915 2013 996 genetivi,
2068 935 2459 995 quamquam
2500 935 2627 979 non
2670 915 3011 999 partitivus
3052 920 3164 991 est,

485 1039 794 1118 usurpata
843 1041 961 1098 est.
1048 1032 1222 1096 Inter
1271 1052 1434 1113 quos
1487 1033 1655 1098 locos
1711 1035 1989 1118 primum
2040 1034 2101 1098 ei
2160 1033 2479 1098 tractandi
2542 1032 2861 1111 videntur,
2931 1032 3166 1112 quibus

488 1153 666 1218 illam
709 1152 978 1234 genetivi
1024 1151 1498 1216 collocationem
1531 1148 1614 1218 'ea
1655 1173 1726 1216 re
1767 1159 1924 1237 puto
1965 1151 2215 1216 defendi
2258 1173 2441 1236 posse
2455 1201 2469 1230 ‚
2524 1152 2696 1232 qnod
2736 1152 3061 1233 genetivus
3098 1156 3167 1214 et

488 1293 713 1336 nomen
771 1289 993 1352 regens
1054 1287 1170 1354 pro
1226 1289 1352 1334 uno
1391 1271 1576 1350 quasi
1619 1269 1809 1336 verbo
1852 1270 2147 1336 habenda
2188 1277 2357 1336 su-nt.
2440 1269 2629 1346 Quod
2670 1271 2799 1334 iam
2840 1291 2919 1334 ea
2959 1291 3029 1333 re
3070 1270 3166 1332 in-

489 1390 751 1468 dicatur,
825 1388 997 1471 quod
1049 1388 1427 1452 adjectivum
1485 1410 1628 1453 cum
1687 1390 1939 1453 nomine
1994 1391 2235 1471 regenti
2303 1391 2733 1468 coniunctum,
2806 1390 2877 1453 si⁴
2913 1409 3167 1453 3611311111

488 1509 874 1594 respicimUS,
917 1508 1118 1588 magis
1157 1507 1240 1570 ad
1284 1507 1642 1589 genetivum
1684 1509 1978 1592 pertinet,
2018 1529 2211 1589 quam
2253 1508 2338 1572 ad
2379 1529 2607 1573 nomen
2655 1527 2895 1590 regens.
2964 1507 3169 1584 Quam

488 1627 758 1708 figuram
809 1625 1186 1712 hypallagen
1236 1626 1561 1690 nominare
1618 1627 1908 1692 solemus.
1997 1626 2307 1712 Exempla
2345 1626 2475 1692 fere
2520 1628 2678 1692 haec
2718 1631 2899 1692 sunta
2972 1623 3165 1709 Soph.

489 1745 588 1810 El.
636 1751 749 1810 681
817 1743 886 1824 ἐς
943 1743 1019 1810 τὸ
1079 1743 1332 1812 κλεινὸν
1389 1741 1711 1824 Ἑλλάδος
1755 1747 1763 1830 Ι
1814 1742 2140 1833 πρόσχημ’
2186 1740 2455 1832 ἀγῶνος.
2542 1743 2865 1810 Nauokius
2918 1763 3169 1824 quoque

489 1866 574 1929 ad
614 1865 784 1928 hunc
824 1863 1030 1928 locum
1071 1871 1363 1942 annotat,
1426 1861 1747 1950 πρόσχημ’
1796 1861 2049 1951 ἀγῶνος
2092 1865 2276 1928 unius
2319 1864 2491 1930 verbi
2545 1865 2746 1930 instar
2792 1884 2927 1928 esse
2970 1862 3167 1942 (quod

492 1983 682 2048 vertit
723 1981 1364 2068 ‚,Kampfespracht“).
1452 1982 1851 2048 Adiectivum
1911 1979 2161 2049 κλεινόν
2220 1990 2459 2061 autem,
2518 1984 2572 2046 si
2615 2003 2867 2046 sensum
2909 1982 3164 2069 respici-

377 2165 380 2168 ,
489 2123 647 2180 111113,
713 2121 837 2167 11011
877 2108 1011 2165 tam
1051 2101 1134 2164 ad
1175 2097 1526 2188 πρόσχημα
1568 2103 1872 2187 pertinet,
1918 2122 2111 2183 quam
2152 2101 2236 2166 ad
2282 2096 2565 2188 ἀγῶνος,
2624 2121 2772 2166 nam
2815 2096 3164 2188 πρόσχημα

493 2213 746 2308 ἀγῶνος
804 2227 942 2284 111111
997 2219 1251 2284 (1611111111
1307 2215 1516 2285 nobile
1573 2220 1709 2284 fieri
1765 2227 1999 2306 potest,
2060 2222 2114 2284 si
2179 2215 2457 2307 ἀγῶνες,
2529 2220 2875 2284 certamina
2931 2217 3167 2283 nobilia

492 2347 658 2404 sunt.
750 2338 974 2419 Itaque
1018 2359 1143 2402 non
1187 2340 1418 2402 mirum
1463 2346 1574 2417 est,
1618 2340 1791 2420 quod
1838 2341 2159 2421 genetivus
2202 2319 2369 2426 post*
2390 2359 2617 2403 nomen
2658 2357 2881 2419 regens
2922 2338 3165 2421 positus

492 2465 606 2522 est.
659 2496 730 2504 —
794 2456 1018 2520 Trach.
1067 2461 1186 2520 527
1237 2456 1313 2523 τὸ
1360 2457 1416 2523 δ’
1461 2451 1933 2545 ἀμφινείκητον
1995 2451 2177 2543 ὄμμα
2232 2455 2509 2546 νύμφας.
2600 2456 2737 2521 Hoc
2791 2455 2927 2520 loco
2982 2448 3163 2539 ὄμμα

493 2573 754 2666 νύμφας
794 2595 911 2661 pro
952 2595 1079 2639 uno
1123 2576 1311 2641 verbo
1355 2577 1730 2641 sumendum
1773 2585 1887 2655 est,
1930 2584 2005 2641 ut
2048 2598 2266 2642 sensus
2307 2576 2437 2641 fere
2480 2576 2710 2640 evadat
2754 2570 2992 2662 νύμφη.
3081 2572 3166 2637 Ε1

491 2695 869 2760 adiectivum
907 2688 1378 2783 ἀμφινείκητον
1420 2716 1545 2760 11011
1595 2695 1674 2758 (16
1728 2695 1909 2760 oculo
1967 2703 2217 2759 tantum
2262 2695 2517 2776 virginis
2571 2695 2813 2758 dictum
2868 2698 2992 2770 est,
3054 2691 3166 2756 sed

490 2815 569 2878 de
614 2813 849 2895 virgine
893 2814 958 2876 in
1002 2815 1378 2878 universum.
1423 2853 1501 2861 —
1565 2813 2145 2880 Manifestissimum
2186 2814 2254 2877 id
2308 2813 2480 2894 quod
2523 2813 2655 2876 dixi
2698 2812 2817 2876 hoc
2858 2811 2994 2876 loco
3038 2818 3162 2876 est:

490 2933 642 2996 Eur.
683 2931 879 2996 Andr.
929 2937 1048 2996 584
1112 2928 1319 3016 οὑμὸς
1363 2931 1436 2997 δέ·
1493 2931 1548 3018 γ’
1598 2927 1798 3022 αὐτὴν
1851 2927 2048 3017 ἔλαβε
2102 2937 2265 3012 παῖς
2317 2931 2567 3010 παιδὸς
2632 2930 2847 3018 γέρας.
2933 2929 3165 2994 Sensus

491 3053 656 3117 enim
709 3051 898 3116 huius
941 3071 1155 3116 versus
1197 3072 1237 3115 a
1279 3049 1462 3115 Peleo
1505 3053 1752 3116 recitati
1809 3052 1913 3116 hic
1956 3059 2087 3116 est:
2174 3050 2384 3137 Nepos
2425 3071 2603 3118 1116113
2647 3045 3167 3138 (Neoptolemus)

491 3192 630 3236 eam
685 3169 1246 3256 (Andromacham)
1303 3191 1418 3255 pro
1475 3170 1639 3235 dono
1697 3172 1957 3260 accepit.
2045 3170 2163 3235 Est
2218 3171 2411 3252 igitur
2466 3173 2631 3248 παῖς
2683 3164 2931 3248 παιδός
2972 3188 3165 3252 nepos

491 3297 556 3354 et
601 3283 806 3373 οὖμός
848 3291 1010 3366 παῖς
1051 3284 1300 3366 παιδός
1341 3309 1466 3352 11011
1509 3309 1686 3353 1116113
1727 3289 1896 3354 filius
1936 3287 2067 3368 filii,
2109 3289 2216 3356 sed
2262 3289 2431 3354 filius
2471 3289 2593 3352 mei
2635 3287 2765 3367 filii,
2805 3288 2846 3350 i.
2882 3308 2935 3350 e.
2970 3307 3165 3371 nepos

491 3429 685 3472 1116113.
729 3445 811 3455 —-
877 3406 980 3470 Ita
1031 3408 1224 3471 etiam
1265 3403 1515 3472 Heracl.
1564 3412 1684 3471 579
1723 3406 1841 3496 τὴν
1886 3407 2045 3496 ἐμὴν
2103 3405 2281 3493 ὥραν
2323 3403 2539 3494 γάμου
2597 3407 2837 3470 dictum
2893 3413 2989 3470 est
3046 3426 3163 3490 pro

492 3521 670 3610 ὥραν
703 3530 820 3590 τοῦ
859 3523 1018 3609 ἐμοῦ
1051 3521 1284 3613 γάμου.
1324 3565 1400 3574 ·-—
1444 3526 1622 3591 Idem
1663 3526 2002 3591 dicendum
2044 3532 2140 3590 est
2182 3527 2262 3590 de
2302 3525 2403 3589 his
2445 3526 2626 3590 locis:
2671 3524 2857 3590 Herc.
2887 3523 3007 3587 fur.
3042 3529 3161 3586 816

492 3644 560 3724 ἐς
601 3643 717 3710 τὸν
759 3638 958 3709 αὐτὸν
1003 3639 1280 3710 πίτυλον
1322 3641 1565 3731 ἥκομεν
1609 3642 1849 3734 φόβου.
1938 3643 2166 3710 Bacch.
2206 3650 2325 3708 535
2370 3643 2493 3709 τὰν
2532 3640 2877 3731 βοτρυώδη
2920 3638 3163 3707 Διονύ-

492 3787 612 3830 σου
653 3758 847 3851 χοῖριν
893 3757 1092 3843 οἴνας.
1177 3763 1427 3846 Fragm.
1477 3769 1614 3842 534,
1667 3771 1690 3826 l
1741 3764 1819 3830 τὸ
1864 3763 2053 3832 λαιὸν
2095 3757 2273 3846 ἷῇςνος
2316 3737 2676 3848 ἀναρβύλοι
2716 3757 2953 3840 ποδός.

719 3883 960 3948 Deinde
999 3883 1281 3948 nonnulli
1328 3883 1447 3949 loci
1490 3883 1911 3962 inveniuntur,
1953 3883 2185 3964 quibus
2226 3904 2341 3968 per
2367 3882 2744 3964 elegantiam
2786 3889 2979 3962 atque
3021 3901 3164 3966 per-

492 4001 890 4087 spicuitatem
930 4003 1234 4068 sermonis
1275 4003 1513 4066 usitata
1555 4002 1824 4083 genetivi
1854 4001 2259 4066 collocatione
2295 4003 2391 4066 uti
2422 4002 2525 4065 vix
2567 4000 2814 4080 licebat,
2858 4020 2964 4064 eos
2995 3998 3165 4063 locos

491 4119 648 4199 dico,
691 4121 804 4184 ubi
844 4123 1168 4202 genetivus
1201 4128 1315 4186 aut
1349 4143 1428 4186 ex
1464 4120 1753 4206 pluribus
1785 4120 2086 4185 membris
2119 4120 2218 4184 vel
2250 4128 2383 4185 tam
2418 4119 2636 4184 multis
2664 4119 2870 4184 verbis
2900 4124 3162 4196 constat,

492 4246 582 4317 ut,
624 4240 677 4303 si
725 4236 1133 4326 interpositus
1168 4248 1349 4318 esset,
1391 4239 1698 4304 articulus
1729 4240 1917 4304 nimis
1954 4238 2139 4320 longe
2171 4261 2212 4303 a
2242 4239 2637 4304 substantivo
2670 4245 2953 4302 remotus
2983 4243 3163 4315 esset,

493 4365 606 4422 aut
660 4360 983 4440 genetivus
1026 4359 1110 4424 ad
1155 4356 1481 4444 complura
1519 4358 1918 4423 substantiva
1957 4359 2249 4443 pertinet,
2303 4365 2391 4436 ut,
2432 4359 2487 4422 si
2529 4357 2941 4444 interpositus
2984 4366 3162 4433 esset,

493 4477 577 4541 ad
619 4473 739 4541 hoc
780 4485 1032 4542 tantum
1073 4499 1298 4542 nomen
1343 4476 1706 4542 referendus
1745 4476 2081 4542 videretur.

720 4596 932 4679 Atque
987 4596 1088 4662 his
1139 4595 1272 4661 fere
1324 4596 1480 4662 locis
1527 4596 1858 4678 genetivus
1914 4603 2176 4682 propter
2224 4595 2685 4678 longitudinem
2730 4593 2977 4658 videtur
3036 4613 3161 4656 non

493 4711 659 4778 inter
714 4715 1053 4780 articulum
1105 4723 1170 4780 et
1225 4736 1454 4780 nomen
1512 4735 1738 4796 regens
1788 4716 2199 4801 interpositus
2248 4736 2411 4780 esse:
2470 4713 2664 4799 Soph.
2710 4712 2863 4778 Oed.
2909 4711 3059 4792 Reg.
3105 4731 3161 4775 v.
