3559 5184
1633 171 1712 233 24

333 413 549 505 versus
593 441 800 525 posita
841 446 956 504 est.
1043 427 1276 505 Versus
1319 442 1486 506 enim
1533 445 1608 505 58
1652 426 2085 526 paroemiacus
2128 417 2251 518 est,
2285 440 2501 521 itaque
2542 439 2712 521 quod
2755 440 3015 504 verbum

335 567 480 642 post
521 580 666 624 eum
708 566 933 637 exstat,
978 555 1222 625 τοιόνδ’
1251 581 1501 623 versum
1529 559 1804 624 alterum
1842 560 2105 642 incipiat
2146 579 2397 623 necesse
2429 567 2543 623 est.
2614 557 2771 623 Inde
2800 566 3016 623 autem

335 678 418 743 ab
462 678 582 742 hoc
623 678 814 742 verbo
857 677 941 742 ad
981 679 1245 742 verbum
1290 673 1546 764 ἀνδρῶν
1576 678 1660 765 (v.
1695 677 1806 764 60)
1848 685 1982 742 tres
2020 679 2398 743 monometri
2438 678 2823 760 anapaestici
2852 686 3015 756 sunt,

335 805 409 862 ut
451 798 642 862 etiam
671 796 865 860 verba
911 790 1026 875 οὓς
1067 795 1221 882 πέρι
1267 798 1456 863 πᾶσα
1497 803 1960 862 monometrum
1988 796 2231 862 efficere
2260 797 2658 879 perspicuum
2686 797 2788 860 sit.
2860 795 3019 861 Cum

335 917 554 984 autem·
592 924 981 980 monometer
1015 917 1455 998 anapaesticus
1488 917 1654 980 inter
1683 916 1843 982 duos
1874 935 2091 981 versus
2126 915 2317 978 dividi
2354 936 2479 979 non
2510 915 2725 998 possit,
2769 937 3019 980 necesse

337 1042 435 1102 est
491 1033 647 1119 πέρι
703 1035 876 1098 intra
919 1056 1168 1099 versum
1221 1036 1499 1118 positum
1555 1055 1708 1100 esse.
1757 1073 1837 1082 —-
1898 1034 2117 1117 Suppl.
2174 1037 2327 1098 1074
2396 1011 2563 1100 aeos}
2610 1029 2797 1119 πάρα
2837 1055 3021 1117 prae-

339 1155 567 1244 positio
619 1154 687 1216 in
726 1153 850 1217 fine
895 1174 1020 1218 non
1061 1154 1248 1218 modo
1293 1173 1508 1218 versus
1527 1205 1540 1230 ,
1601 1153 1714 1218 sed
1757 1155 1951 1218 etiam
1992 1154 2189 1218 totius
2232 1152 2485 1216 fabulae
2528 1154 2735 1235 posita
2777 1160 2891 1218 est.
2950 1191 3011 1200 -

341 1271 534 1356 Soph.
579 1273 727 1335 Ant.
777 1275 896 1336 528
957 1270 1194 1360 νεφέλη
1253 1273 1307 1338 δ’
1352 1265 1630 1360 ὀφρύων
1697 1269 1866 1357 ὅπερ
1936 1277 2054 1336 etc.
2110 1272 2493 1357 praepositio
2548 1272 2719 1335 intra
2772 1269 3022 1336 yersum

340 1370 645 1458 collocata
699 1397 825 1468 est,
885 1411 1027 1454 cum
1068 1390 1350 1474 syllabae
1394 1389 1564 1476 ὓπερ
1610 1388 1678 1457 αἱ
1724 1431 1807 1440 --
1851 1397 2265 1476 anapaestum
2308 1390 2601 1455 efficiant.
2643 1427 2720 1436 -
2764 1388 2859 1453 Ib.
2900 1395 3021 1453 93⁶2

338 1505 746 1596 βραδύτητας
797 1506 966 1594 ὅπερ
1022 1511 1403 1595 praepositio
1457 1512 1524 1574 in
1582 1510 1706 1575 fine
1749 1531 1967 1575 versus
2023 1505 2232 1595 posita
2289 1516 2412 1587 est,
2470 1530 2613 1573 cum
2676 1497 3024 1573 orationem

340 1630 536 1705 finiat,
581 1635 725 1712 post
766 1649 962 1708 quam
1002 1627 1128 1692 alia
1166 1650 1435 1713 persona
1476 1613 1777 1709 loquitur.
1820 1667 1885 1674 —
1934 1627 2087 1692 Eur.
2124 1629 2319 1691 Andr.
2360 1635 2475 1691 114
2524 1617 2605 1705 ἇς
2642 1625 2777 1692 1ὕπο
2808 1651 3022 1712 τειρο-

340 1745 506 1832 μένα
549 1747 932 1830 praepositio
975 1723 1146 1811 intra
1187 1755 1655 1833 pentametrum
1703 1747 1911 1812 locum
1954 1747 2175 1825 habet,
2232 1753 2307 1811 ut
2362 1747 2427 1810 in
2470 1746 2595 1810 fine
2638 1767 2855 1810 versus
2898 1766 3024 1809 non

343 1867 615 1952 positam
655 1861 795 1929 eam
839 1885 972 1930 esse
1016 1873 1340 1951 appareat.
1386 1905 1465 1912 ——-
1508 1865 1583 1929 In
1625 1865 1859 1930 Phoen.
1902 1887 1997 1929 vv.
2050 1870 2187 1942 792,
2250 1870 2389 1942 824,
2459 1869 2637 1943 1577,
2700 1842 2917 1949 Suppl.
2966 1885 3023 1927 v.

347 1969 466 2048 *284
513 1985 1005 2068 praepositiones
1048 1987 1218 2048 intra
1249 1975 1688 2049 hexametrum
1711 1984 2102 2068 dactylicum
2135 1957 2405 2060 exstant,
2448 2005 2637 2064 quem
2668 1983 2836 2046 inter
2869 1978 3027 2047 duos

345 2123 561 2192 versus
616 2103 886 2167 divisum
942 2125 1076 2168 esse
1132 2125 1257 2168 non
1310 2103 1698 2189 putabimus.
1787 2103 2289 2189 Praepositiones
2328 2103 2524 2184 igitur
2564 2103 2735 2166 intra
2777 2122 3027 2165 versum
3120 2107 3128 2124 ⁸

269 2210 276 2216 “
345 2227 618 2288 exstant.
685 2261 742 2268 -
827 2219 924 2285 El.
980 2227 1136 2286 1355
1197 2218 1719 2310 μηδ”ἑπιόρκων
1786 2221 1953 2307 μέτα
2027 2199 2435 2305 συμπλείτω,
2511 2221 2790 2304 syllabae
2858 2217 3025 2304 μέτα

347 2364 474 2422 συμ
523 2379 600 2388 -
646 2349 1059 2426 anapaestum
1103 2341 1382 2406 efficiunt
1425 2349 1492 2406 et
1546 2348 1875 2426 praeterea
1926 2339 2095 2424 μέτα
2141 2337 2521 2424 συμπλείτω
2568 2315 3028 2404 monometrum

347 2457 589 2528 efficere
645 2476 724 2523 ex
765 2435 848 2524 ea⁴
883 2480 952 2524 re
993 2460 1226 2539 elucet,
1300 2460 1471 2543 quod
1505 2451 1669 2524 haec
1723 2459 1917 2524 verba
1970 2461 2402 2545 paroemiacus
2445 2460 2749 2540 sequitur.
2838 2455 3027 2522 Prae-

346 2578 575 2666 positio
612 2577 808 2660 igitur
853 2599 1102 2643 versum
1144 2601 1269 2644 non
1311 2580 1472 2642 finit.
2230 2577 2233 2582 ’

365 2678 370 2684 ”
573 2697 648 2760 In
701 2697 842 2761 aliis
897 2699 1246 2762 carminum
1301 2698 1638 2781 lyricorum
1697 2704 1762 2761 et
1817 2703 2305 2782 anapaestorum
2348 2695 2503 2760 locis
2546 2715 2671 2758 non
2716 2701 2889 2759 certo
2930 2694 3029 2756 in-

349 2815 560 2880 dicare
619 2837 979 2901 possumuS,
1037 2823 1254 2880 utrum
1312 2817 1696 2902 praepositio
1753 2817 1820 2880 in
1880 2815 2005 2880 fine
2049 2835 2266 2879 versus
2321 2815 2531 2899 posita
2586 2814 2669 2878 sit
2726 2835 2807 2877 an
2864 2813 3034 2875 intra

349 2955 616 3000 versum.
690 2933 788 2998 Ex
827 2936 917 3000 eis
947 2942 1176 3014 autem,
1221 2957 1384 3016 quae
1429 2937 1705 3020 exposui,
1749 2935 1818 3000 id
1860 2919 2263 3015 intellegitur,
2312 2933 2531 3015 legem,
2576 2953 2770 3012 quam
2814 2931 2879 2994 in
2920 2931 3036 2994 tri-

349 3052 568 3116 metris
611 3052 928 3118 observari
972 3055 1316 3118 ostendisse
1359 3053 1515 3117 mihi
1558 3054 1776 3118 videor
1793 3105 1807 3131 ,
1868 3053 1952 3118 ad
1995 3052 2276 3116 carmina
2315 3053 2511 3136 lyrica
2552 3057 2617 3116 et
2662 3055 3037 3134 anapaestos

351 3194 475 3239 11011
518 3173 853 3262 pertinere.
1716 3153 1723 3162 ’

381 3285 386 3288 ’
578 3290 755 3355 Sicut
796 3291 1180 3376 praepositio
1229 3292 1295 3354 in
1340 3289 1728 3376 anastropha
1773 3309 2020 3374 semper
2062 3289 2189 3354 fere
2232 3289 2297 3352 in
2340 3287 2465 3352 fine
2510 3307 2801 3352 versuum
2844 3285 3037 3352 collo-

351 3415 495 3473 cata
535 3416 663 3486 est,
719 3415 793 3474 ut
837 3432 914 3474 ex
957 3431 1182 3494 pausa,
1242 3430 1404 3490 quae
1448 3411 1750 3490 sequitur,
1809 3408 2054 3473 facilius
2115 3412 2527 3490 cognoscatur
2580 3405 2663 3469 ad
2714 3425 2789 3469 ea
2830 3403 3037 3481 verba,

351 3549 514 3618 quae
555 3528 957 3613 praecedunt,
1001 3535 1287 3612 spectare
1331 3529 1873 3613 praepositionem,
1918 3528 2011 3590 ita
2047 3526 2270 3591 Aesch.
2308 3524 2499 3610 Soph.
2532 3523 2683 3587 Eur.
2716 3523 3037 3608 plerisque

349 3647 501 3712 locis
561 3648 1088 3731 praepositionem
1125 3629 1338 3712 ⁹etiam
1411 3648 1478 3710 in
1549 3646 1672 3710 fine
1745 3645 2217 3711 enuntiatorum
2270 3644 2617 3729 posuerunt
2632 3693 2645 3719 ,
2710 3649 2783 3706 ut
2838 3625 3039 3726 pausa

351 3765 552 3830 maior
605 3745 721 3830 fiat
780 3767 1094 3830 sententia
1149 3767 1331 3830 finita
1373 3771 1454 3842 et,
1498 3786 1624 3846 quo
1665 3763 1998 3830 referenda
2040 3765 2125 3828 sit
2165 3763 2548 3849 praepositio
2561 3812 2575 3839 ‚
2634 3761 2850 3825 statim
2893 3779 3037 3845 per-

353 3886 674 3970 spiciatur.
753 3883 989 3948 Utrum
1041 3886 1243 3949 maior
1297 3906 1378 3949 au
1436 3886 1641 3949 minor
1699 3885 1917 3948 incisio
1971 3890 2117 3968 post
2176 3882 2701 3967 praepositionem
2742 3878 2857 3943 fiat
2871 3928 2885 3955 ,
2953 3878 3038 3942 ad

353 4004 518 4068 hanc
573 4025 708 4066 rem
762 4024 887 4067 non
942 4005 1154 4086 magni
1210 4003 1510 4069 momenti
1566 4008 1694 4081 est,
1763 4021 1906 4066 cum
1961 4000 2432 4086 pausa·“aliqua
2492 3999 2735 4063 oriatur
2789 4017 3038 4081 semper

355 4143 602 4188 necesse
645 4123 747 4186 sit.
2438 4115 2449 4124 ’

584 4239 793 4322 Atque
835 4241 1006 4325 apud
1038 4240 1419 4324 Aeschylum
1451 4239 1707 4321 quidem
1737 4259 1863 4304 non
1894 4238 2081 4302 multi
2126 4237 2245 4302 loci
2276 4243 2544 4314 exstant,
2588 4236 2822 4317 quibus
2852 4255 3036 4320 prae-

356 4361 584 4446 positio
629 4360 1026 4424 enuntiatum
1067 4380 1194 4424 non
1233 4359 1432 4423 finiat.
1523 4358 1685 4422 Sunt
1727 4355 2015 4441 exempla
2057 4355 2247 4420 haec:
2315 4355 2519 4419 Prom.
2571 4359 2647 4418 67
2698 4359 2827 4420 τῶν
2867 4350 3037 4431 Διός

357 4480 414 4544 τ’
460 4477 717 4564 ἐχθρῶν
759 4475 927 4565 ὕπερ
975 4480 982 4564 Ι
1030 4476 1296 4555 στένεις,
1339 4476 1425 4542 11).
1477 4482 1616 4541 700.
1703 4475 1874 4540 Pers.
1922 4480 2029 4552 61,
2084 4480 2219 4552 190,
2288 4479 2427 4552 614,
2487 4479 2606 4537 734
2651 4468 2727 4537 οὐ
2772 4473 3037 4538 πολλῶν

356 4596 524 4682 μέτα
585 4598 728 4678 (hic
780 4597 954 4662 locus
1011 4597 1110 4662 his
1153 4596 1455 4682 exemplis
1497 4593 2010 4660 adnumerandus
2057 4601 2170 4670 est,
2229 4613 2373 4658 cum
2410 4615 2469 4655 v.
2517 4597 2633 4656 736
2680 4593 2881 4656 oratio
2926 4611 3034 4654 ex·-

358 4701 628 4804 cipiatur
641 4767 655 4796 ,
723 4737 1108 4799 quamquam
1180 4716 1578 4782 enuntiatum
1648 4713 2134 4799 interrumpitur
2206 4711 2369 4776 alius
2425 4731 2730 4796 personae
2782 4709 3033 4793 verbis),
