3559 5184
1679 149 1750 209 10

334 391 552 478 'rersu
602 420 724 478 436
792 412 882 503 μὴ
959 411 1132 500 πρός
1188 439 1262 482 σε
1303 421 1432 482 τοῦ
1489 418 1628 482 κατ’
1686 410 1887 500 ἷίκρον
1952 412 2227 481 Οἰταῖον
2282 411 2497 493 νάπος
2554 415 2561 500 Ι
2620 413 2792 494 Διὸς
2846 440 3048 481 κατα-

373 528 841 616 στράπτοντος,
889 555 1275 615 quamquam
1301 536 1700 619 praepositio
1741 556 1867 599 non
1908 535 2182 616 primam
2225 535 2537 598 enuntiati
2580 534 2794 599 sedem
2836 535 3047 614 habet,

371 658 583 715 tamen
627 673 770 716 cum
809 652 876 715 in
919 653 1044 716 arsi
1087 655 1296 734 posita
1338 655 1438 733 sit,
1496 655 1652 719 haec
1695 653 2019 718 collocatio
2064 653 2222 716 nihil
2260 651 2507 717 molesti
2549 651 2759 731 habet,
2804 654 3049 718 etiamsi

371 770 512 834 aliis
552 769 720 848 locis,
765 770 996 852 quibus
1041 771 1302 836 eandem
1345 771 1816 838 collocationem
1858 773 1924 836 in
1966 772 2095 836 arsi
2139 769 2343 836 habet·
2374 772 2771 854 praepositio,
2817 771 2893 838 σέ
2925 789 3049 837 11011·

369 889 811 970 interpositum
865 897 988 967 est,
1047 897 1122 953 ut
1163 892 1260 954 Ai.
1307 895 1427 955 587
1489 887 1604 955 καί
1653 912 1726 955 σε
1779 889 1955 975 πρὸς
2013 895 2133 955 τοῦ
2190 894 2309 955 σοῑ·
2366 888 2593 956 τέκνου
2642 891 2651 974 Ι
2702 889 2811 956 καὶ
2870 897 3051 957 θεῶν

377 1003 699 1091 ἱκνοῦμαι.
776 1007 1040 1090 Saepius
1067 1016 1143 1073 ut
1175 1010 1275 1072 El.
1308 1014 1428 1072 ⁴⁶28
1476 1005 1650 1097 πρός
1691 1033 1805 1073 νυν
1832 1014 2015 1075 θεῶν
2045 1030 2119 1074 σε
2148 1005 2463 1092 λίσσομαι
2492 1017 2557 1074 et
2586 1009 2673 1073 ib.
2710 1014 2831 1074 889
2876 1005 3050 1098 πρός

372 1151 482 1191 νυν
534 1131 715 1191 θεῶν
772 1118 1056 1192 ἄκουσον
1109 1148 1234 1191 11011
1293 1126 1387 1205 σε’,
1446 1129 1558 1192 sed
1615 1123 1728 1192 νύν
1777 1129 2221 1210 interpositum
2274 1134 2371 1192 est
2425 1136 2491 1191 et
2549 1129 2865 1194 interdum
2922 1129 3049 1193 duo

373 1244 528 1308 haec
568 1245 762 1309 verba
793 1245 1191 1310 intercedunt
1234 1247 1400 1310 inter
1434 1247 1964 1329 praepositionem
2000 1253 2065 1310 ct
2106 1239 2589 1326 substantivum,
2624 1254 2697 1311 ut
2728 1247 2881 1312 Oed.
2915 1246 3045 1312 Col.

379 1368 537 1426 1333
595 1358 768 1448 πρός
821 1360 932 1428 νύν
986 1387 1060 1429 σε
1117 1369 1362 1450 κρηνῶν
1419 1363 1530 1430 καὶ
1583 1369 1766 1430 θεῶν
1821 1372 1887 1428 et
1925 1364 2089 1429 Phil.
2130 1369 2251 1428 468
2311 1361 2483 1448 πρός
2524 1360 2637 1431 νύν
2680 1388 2753 1432 σε
2793 1362 3050 1451 πατρός

371 1489 506 1560 etc„
564 1481 676 1545 ubi
731 1484 1111 1565 praepositio
1166 1504 1304 1547 cum
1361 1485 1762 1548 enuntiatum
1818 1492 1884 1547 et
1926 1504 2175 1547 versum
2214 1484 2503 1565 incipiat,
2564 1485 2720 1549 satis
2760 1504 3057 1566 magnam

371 1602 497 1663 vim
553 1599 771 1678 habet,
833 1608 907 1665 ut
959 1602 1026 1664 in
1080 1601 1202 1666 hac
1259 1603 1644 1667 seiunctione
1692 1601 1853 1666 nihil
1921 1601 2169 1666 molesti
2240 1602 2411 1666 insit.
2516 1601 2837 1684 Plerisque
2900 1602 3053 1668 locis

371 1727 586 1784 antem
632 1720 860 1784 omisso
903 1722 1269 1802 pronomine
1315 1719 1390 1786 σέ
1431 1728 1683 1784 tantum
1725 1720 2099 1784 exclamatio
2140 1718 2313 1804 πρὸς
2354 1726 2537 1786 θεῶν
2577 1722 2949 1786 invenitur.¹

600 1837 936 1920 Euripides
993 1859 1117 1903 non
1160 1839 1434 1903 multum
1487 1839 1754 1904 discedit
1803 1839 1886 1904 ab
1944 1860 2064 1903 usu
2108 1838 2455 1922 Sophocleo
2482 1841 2559 1903 ‘in
2605 1839 2725 1906 hac
2766 1839 3053 1905 formula.

373 1955 499 2020 Ubi
561 1955 637 2022 σέ
693 1958 1053 2039 appositum
1109 1965 1233 2035 est,
1291 1957 1664 2040 plerumque
1705 1959 1874 2022 inter
1917 1945 2443 2040 praepositionem
2484 1967 2550 2023 et
2590 1959 3056 2023 substantivum

373 2075 581 2140 locum
620 2075 830 2154 habet,
873 2085 947 2140 ut
982 2076 1116 2140 Alc.
1152 2081 1273 2139 275
1316 2073 1406 2160 μὴ
1451 2072 1623 2161 πρός
1666 2099 1739 2142 σε
1783 2079 1963 2141 θεῶν
2007 2077 2161 2164 τλῇς
2199 2101 2283 2158 με
2328 2079 2716 2162 προδοῦναι.
2778 2077 2865 2141 ib.
2900 2081 3055 2141 1098

372 2193 462 2282 μὴ
505 2190 680 2278 πρός
736 2216 810 2260 σε
865 2199 983 2260 τοῦ
1031 2191 1425 2279 σπείραντος
1471 2187 1750 2277 ἄντομαι
1795 2191 1986 2272 Διός.
2075 2194 2413 2260 Praeterea
2451 2195 2616 2260 Med.
2662 2201 2811 2273 324,
2871 2195 3045 2278 Hipp

378 2318 530 2391 605,
589 2318 736 2377 607.
825 2314 1020 2377 Andr.
1083 2319 1227 2376 893.
1310 2312 1538 2377 Troad.
1606 2319 1787 2377 1042.
1870 2313 2103 2377 Phoen.
2153 2319 2305 2393 923,
2376 2321 2553 2378 1665.
2654 2314 2874 2398 Suppl.
2934 2319 3057 2378 277

377 2432 458 2516 (si
501 2431 862 2496 Marklandi
895 2434 1284 2514 scripturam
1325 2433 1692 2513 sequimur).
1737 2431 1877 2514 Iph.
1914 2430 2115 2496 Taur:
2159 2438 2336 2496 1068.
2378 2433 2518 2516 Iph.
2550 2434 2692 2497 Aul.
2736 2437 2889 2496 1233
2938 2439 3059 2513 (se—

376 2551 651 2615 cundum
691 2549 1052 2615 Marklandi
1107 2551 1608 2616 emendationem
1622 2601 1636 2630 ,
1695 2553 1805 2632 qui
1864 2552 2118 2633 scripsit
2173 2550 2249 2618 σε’
2306 2572 2423 2633 pro
2480 2550 2555 2637 γέ
2570 2553 2617 2635 ).
2702 2551 2931 2616 Rarius
2986 2549 3062 2616 σέ

376 2677 524 2734 ante
565 2671 1093 2751 praepositionem
1136 2669 1230 2734 vel
1273 2677 1418 2751 post
1461 2669 1930 2734 substantivum
1973 2671 2307 2748 invenitur,
2351 2669 2517 2734 Med.
2564 2675 2687 2734 853
2734 2669 2905 2755 πρὸς
2945 2686 3058 2756 γὀ-

379 2784 592 2853 νάτων
647 2811 721 2853 σε
781 2783 1028 2866 πάντες
1087 2785 1356 2866 πάντως
1398 2783 1788 2869 ἱκετεύομεν.
1876 2787 2069 2871 Hipp.
2112 2794 2256 2851 311.
2344 2787 2496 2852 Hec.
2547 2793 2719 2852 1127.
2808 2787 3059 2853 Heracl.

381 2911 502 2970 226
557 2927 651 2987 sq.
735 2905 875 2989 Iph.
918 2907 1062 2970 Aul.
1110 2911 1251 2972 909.
1336 2906 1556 2988 fragm.
1613 2912 1724 2970 118
1787 2914 1904 2971 etc.
1992 2906 2134 2971 Uno
2193 2906 2357 2985 locO,
2419 2905 2561 2971 Hel.
2620 2911 2775 2970 1237
2820 2906 2931 2972 νύν
2986 2929 3059 2970 σε

379 3025 820 3108 interpositum
875 3033 1000 3104 est,
1059 3021 1231 3110 πρός
1276 3019 1388 3090 νύν
1432 3045 1504 3090 σε
1549 3021 1844 3110 γονάτων
1888 3025 2077 3090 τῶνδ’
2124 3027 2238 3104 (sic
2282 3025 2647 3104 SchaferuS,
2704 3046 2893 3106 quem
2952 3025 3056 3089 a-lii

379 3141 652 3208 editores
695 3150 1060 3225 sequuntur,
1103 3165 1218 3226 pro
1264 3149 1416 3224 νῦν),
1459 3144 1568 3208 ubi
1613 3144 1833 3208 eodem
1869 3143 2055 3206 modo
2087 3163 2213 3223 quo
2256 3145 2428 3226 apud
2462 3143 2836 3226 Sophoclem
2878 3121 3060 3226 prae-

383 3263 612 3344 positio
653 3263 718 3325 in
763 3263 944 3326 initio
989 3283 1206 3327 versus
1255 3270 1320 3327 et
1363 3263 1670 3327 enuntiati
1717 3263 1924 3344 posita
1966 3267 2081 3325 est.

1632 3520 1802 3612 §a

506 3667 599 3737 De
648 3651 1268 3756 praepositionibus
1311 3667 1498 3735 int-er
1543 3663 2047 3736 substantivum
2102 3669 2173 3734 et
2214 3663 2627 3734 attributum
2667 3663 2933 3753 [1081118.

611 3835 1170 3918 Praepositionum,
1215 3858 1378 3917 quae
1420 3837 1586 3900 inter
1641 3834 2037 3899 substantiva
2081 3841 2145 3898 ct
2204 3833 2533 3912 attributa,
2578 3835 2706 3898 sive
2752 3835 3061 3898 adiectiva

384 3955 510 4018 sive
553 3955 886 4036 genetivos,
930 3956 1171 4037 positae
1215 3963 1378 4032 sunt,
1424 3952 1726 4017 nonnulla
1769 3952 2056 4034 exempla
2098 3951 2459 4034 Kriigerus²
2509 3953 2711 4017 affert.

611 4073 816 4138 Huius
886 4073 1312 4138 collocationis
1378 4073 1545 4156 apud
1607 4070 1991 4155 Aeschylum
2046 4071 2422 4154 Sophoclem
2476 4071 2847 4156 Euripidem
2917 4091 3060 4152 per-

384 4191 587 4255 multa
643 4191 928 4273 exempla
985 4199 1237 4256 exstant
1251 4243 1265 4270 ,
1337 4192 1631 4273 legesque
1690 4190 1819 4254 fere
1883 4189 2091 4254 nullas
2146 4191 2196 4254 81
2204 4190 2268 4254 bi
2324 4192 2787 4256 constituerunt
2841 4190 3059 4253 nostri.

384 4309 796 4373 Inveniuntur
847 4311 1014 4374 enim
1064 4331 1278 4376 omnes
1333 4311 1827 4393 praepositiones
1879 4309 1971 4372 ita
2030 4309 2299 4389 positae,
2360 4307 2532 4390 apud
2588 4328 2802 4372 omnes
2864 4327 3060 4384 (138118,

387 4430 495 4510 qui
551 4428 908 4511 dependent
950 4429 1033 4494 ab
1077 4430 1194 4507 eiS,
1249 4431 1315 4494 in
1354 4428 1643 4495 omnibus
1687 4449 1981 4492 versuum
2023 4426 2205 4504 lociS,
2262 4428 2326 4490 in
2371 4428 2661 4491 omnibus
2702 4403 3063 4489 fabularum

519 4601 560 4666 ⁸)
611 4598 676 4650 cf.
713 4597 982 4650 Dindorfii
1017 4598 1228 4652 lexicon
1265 4597 1616 4666 Sophocleum
1653 4614 1692 4650 s.
1730 4615 1774 4650 v.
1816 4592 1970 4664 πρός,
2008 4595 2101 4664 qui
2137 4612 2320 4650 omnes
2354 4597 2451 4652 hos
2486 4598 2629 4650 locos
2664 4599 2969 4648 enumerat.

512 4704 559 4771 ²)
616 4703 650 4754 1.
693 4718 736 4754 c.
769 4702 838 4769 ΙΙ,
875 4705 958 4770 68,
997 4706 1045 4769 -1,
1084 4705 1116 4756 4
1151 4707 1210 4756 et
1245 4703 1293 4756 7.
