3559 5184
375 450 720 530 permittat.
814 447 1108 511 Ceterum
1150 446 1266 511 tali
1295 445 1676 528 *quaestione
1720 444 1877 509 nihil
1922 446 2140 527 profici
2174 444 2493 528 Hauptius
2536 453 2705 510 recte
2746 446 3054 511 iudicasse

375 565 638 644 videtur,
695 587 836 630 cum
880 566 1092 630 dicit¹:
1166 617 1196 644 „
1218 615 1232 628 .
1267 615 1280 628 .
1315 615 1328 628 .
1490 564 1626 629 Hoc
1673 570 1925 628 tantum
1967 564 2295 628 adiicimus
2336 564 2401 626 in
2444 563 2544 628 his
2586 585 2839 645 quoque
2882 566 3054 629 simi-

375 686 665 766 libusque
695 685 943 748 dicendi
989 685 1273 749 formulis
1319 683 1640 768 (loquitur
1669 690 1885 746 autem
1914 683 1992 746 de
2021 682 2427 747 collocatione
2471 677 2574 748 ὲπῖ
2610 679 2812 762 αὐτὸς
2849 679 3050 750 αὑτοῦ

377 811 442 868 et
483 805 646 881 sim.)
689 805 969 870 animum
1010 825 1132 868 non
1179 803 1364 866 nimis
1409 801 1863 866 advertendum
1909 823 2043 866 esse
2084 802 2168 865 ad
2211 809 2557 866 metrorum
2601 803 3051 880 necessitatem,

377 923 557 1004 quasi
607 921 747 986 boni
801 927 1026 1004 poetae
1070 923 1444 1004 elegantiam
1474 942 1768 984 versuum
1810 942 1953 984 cum
1984 921 2299 984 'sermonis
2342 920 2653 1004 elegantia
2682 924 3053 1003 coniungere

377 1043 778 1119 nesciverint,
838 1048 951 1105 aut
1005 1043 1342 1124 scriptores
1384 1047 1644 1123 propter
1702 1040 2002 1103 orationis
2054 1041 2533 1104 concinnitatem
2592 1062 2915 1121 nunquam
2970 1043 3054 1106 si-

376 1161 550 1226 milia
593 1161 729 1224 ausi
773 1161 954 1223 sint.“

288 1256 292 1260 ·
604 1278 838 1343 Similis
883 1285 982 1342 est
1024 1277 1197 1342 locus
1244 1276 1490 1340 Herasl.
1541 1281 1660 1338 369
1705 1272 1901 1360 παρά·
1937 1273 1989 1360 γ’
2040 1268 2107 1340 εὖ
2156 1281 2531 1363 φρονοῦσιν,
2592 1276 2699 1340 ubi
2746 1277 2937 1342 verba
2981 1271 3051 1344 εὖ

378 1402 739 1486 φρονοῦσιν
780 1398 968 1461 11111118
1012 1398 1186 1461 verbi
1231 1391 1667 1484 εὖφρονοῦσιν
1711 1416 1963 1458 sensum
2005 1394 2329 1476 praebent.

605 1515 772 1608 Alia*
818 1515 1124 1580 vocabula
1184 1514 1520 1597 Euripides
1586 1535 1732 1578 raro
1787 1514 2165 1596 interposuit
2220 1515 2386 1577 inter
2442 1515 2935 1595 praepositiones
2992 1521 3057 1579 et

375 1633 790 1718 substantiva.
878 1634 979 1698 Ita
1022 1631 1250 1698 Troad.
1297 1640 1409 1696 511
1465 1627 1644 1718 ἀμφί
1681 1657 1801 1716 μοι
1828 1626 2049 1708 Ἴλιον,
2112 1624 2164 1698 (ὖ
2212 1634 2497 1708 ΖΠοῦσα,
2558 1637 2795 1697 καινῶν
2838 1630 3056 1716 ὕμνων

377 1746 603 1840 ἄεισον
677 1749 745 1818 ἐν
816 1749 1127 1840 δακρύοις
1161 1793 1166 1798 -
1197 1746 1379 1839 ᾠδὰν
1435 1747 1835 1837 ἐπικήδειον.
1926 1751 2065 1828 Qua
2121 1749 2529 1814 collocatione
2582 1750 2917 1834 Euripides
2973 1753 3057 1815 ad

375 1871 851 1935 similitudinem
910 1872 1258 1935 carminum
1313 1873 1634 1953 epicorum
1685 1891 1836 1934 usus
1876 1890 2011 1934 esse
2049 1868 2316 1932 videtur.
2402 1868 2623 1950 Neque
2664 1872 2829 1934 enim
2871 1872 3057 1935 modo

377 1991 906 2054 constructionem
951 1985 1132 2076 ἀμφί
1171 2015 1234 2054 τι
1282 1984 1530 2055 ἀείδειν
1569 1989 1920 2052 invenimus
1962 1989 2027 2050 in
2065 1988 2333 2070 hymnis,
2377 1990 2487 2068 qui
2530 1989 2841 2067 dicuntur,
2885 1991 3056 2071 quod

373 2110 500 2172 iam
541 2108 876 2176 Piersonus
917 2109 1426 2186 animadvertit?
1477 2108 1588 2172 sed
1631 2108 1824 2171 etiam
1866 2107 2130 2170 eandem
2174 2107 2645 2172 collocationem
2698 2111 2763 2172 in
2820 2109 3055 2192 hymno

381 2226 714 2292 Homerico
748 2228 814 2290 in
846 2226 1020 2290 Pana
1054 2248 1110 2290 v.
1145 2235 1162 2288 1
1193 2252 1207 2289 z
1247 2223 1461 2314 Ἀμφί
1485 2251 1602 2308 μοι
1624 2222 1935 2312 Ἑρμείαο
1968 2223 2167 2313 φίλον
2196 2221 2387 2310 γόνον
2416 2222 2661 2304 ἔννεπε,
2697 2233 3044 2293 ,Ἠοῖ-σα.-

378 2345 622 2410 Ι)0111110
668 2343 896 2410 Troad.
946 2351 1064 2409 829
1127 2337 1272 2410 οἷον
1327 2346 1382 2411 δ’
1427 2341 1596 2428 ὑπὲρ
1657 2338 1893 2422 οἰωνὸς
1947 2343 2187 2408 τεκέων
2237 2350 2399 2431 βοᾷ,
2458 2367 2845 2427 quamquam
2900 2346 3057 2411 haec

379 2464 704 2528 collocatio
759 2485 884 2528 non
926 2465 992 2526 in
1037 2464 1374 2530 codicibus
1395 2463 1578 2526 nobis
1636 2463 1877 2527 tradita
1917 2471 2039 2541 est,
2102 2464 2213 2527 sed
2257 2485 2335 2527 ex
2375 2466 2733 2529 coniectura
2776 2465 3054 2543 Seidleri,

377 2603 572 2664 quam
615 2582 978 2646 Dindorfius
1021 2584 1274 2664 recepit,
1318 2581 1601 2646 oriunda.
1992 2565 1999 2571 ⁸

605 2701 690 2765 Hi
743 2701 870 2765 duo
925 2701 1046 2766 loci
1103 2701 1288 2766 modo
1343 2701 1528 2764 allati'
1579 2702 1644 2774 111
1703 2699 2085 2765 carminibus
2142 2721 2182 2762 a
2234 2698 2424 2764 choro
2470 2703 2743 2765 cantatis
2784 2707 3056 2765 exstant.

378 2819 451 2882 In
495 2819 759 2902 dialogis
801 2840 947 2883 vero
991 2819 1325 2901 Euripides
1371 2821 1556 2884 modo
1600 2818 1944 2901 particulas
1987 2819 2382 2899 interposuit.

610 2938 845 3019 Atque·
865 2939 916 3002 si
949 2960 1162 3002 omnes
1193 2959 1298 3002 eos
1340 2938 1525 3017 10008,
1571 2939 1682 3019 qui
1725 2938 1809 3002 ad
1852 2937 2017 3001 hanc
2058 2938 2489 3018 quaestionem
2532 2938 2867 3019 pertinent,
2911 2958 3058 3002 con-

377 3055 787 3137 templamur,
853 3064 918 3120 et
974 3056 1352 3138 Aeschylum
1409 3064 1472 3120 et
1528 3057 1901 3139 Sophoclem
1956 3063 2021 3120 et
2073 3055 2459 3137 Euripidem
2498 3077 2754 3139 operam
2812 3057 3057 3120 dedisse

377 3174 688 3253 videmus,
755 3182 828 3238 ut
892 3176 1386 3257 praepositiones
1454 3196 1645 3257 quam
1717 3176 2002 3257 proxime
2059 3176 2143 3238 ad
2199 3175 2595 3239 substantiva
2648 3183 3053 3258 apponerent.

377 3293 730 3357 Particulae
789 3295 981 3373 enim,
1045 3316 1207 3375 quae
1267 3293 1638 3376 plerumque
1691 3296 2195 3376 interponuntur,
2255 3291 2329 3358 δέ
2372 3300 2437 3356 et
2494 3291 2567 3358 τέ
2620 3301 2769 3358 sunt
2822 3295 3056 3382 (minus

375 3433 563 3495 saepe
607 3411 698 3498 γε’,
758 3413 926 3492 quod
967 3414 1033 3475 in
1075 3414 1435 3477 universum
1476 3413 1681 3476 rarius
1727 3417 2114 3495 usurpatur),
2182 3413 2416 3493 quippe
2460 3433 2639 3492 quae,
2684 3434 2823 3476 cum
2872 3414 3056 3478 levis-

373 3533 570 3596 simae
625 3532 780 3608 sint,
835 3532 1160 3595 minimam
1219 3529 1594 3613 gravitatem
1646 3532 1709 3594 in
1769 3531 2051 3594 oratione
2106 3529 2386 3594 habeant
2440 3537 2505 3594 et
2564 3529 2883 3596 elisionem
2938 3533 3054 3596 ad-

372 3650 652 3726 mittant,
701 3650 828 3731 qu'a
870 3649 1086 3714 multis
1127 3649 1280 3714 10018
1320 3651 1416 3714 1181
1461 3657 1610 3714 sunt
1653 3649 2001 3732 Aeschylus
2040 3656 2104 3713 et
2149 3648 2501 3730 Sophocles,
2548 3649 2884 3731 Euripides
2927 3651 3055 3715 fere

371 3769 436 3832 in
480 3768 738 3834 dimidio
783 3763 1061 3834 omnium
1102 3768 1397 3847 locorum,
1440 3766 1674 3850 quibus
1721 3767 1797 3834 δέ·
1838 3768 1937 3832 vel
1981 3766 2053 3832 τέ
2097 3768 2491 3850 interposuit.

503 3879 508 3882 ¹
597 3886 672 3950 In
718 3888 1006 3952 omuibus
1049 3894 1263 3952 autem
1305 3887 1406 3952 his
1438 3887 1590 3951 locis
1624 3887 1835 3950 adhuc
1864 3887 2155 3950 tractatis
2184 3888 2239 3950 si·
2266 3907 2709 3967 quaereremus
2746 3888 3053 3951 rationem

369 4011 434 4068 et
473 4026 742 4084 causam,
789 4027 902 4070 cur
943 4011 1167 4089 poetae
1210 4029 1250 4070 a
1293 4006 1697 4071 collocatione
1739 4006 1941 4086 magis
1973 4006 2211 4070 usitata
2242 4007 2659 4083 recessissent,
2705 4006 2863 4069 nihil
2906 4027 3053 4088 pro-

367 4123 709 4202 ficeremuS,
753 4126 866 4190 sed
907 4125 974 4188 id
1019 4125 1354 4190 concedere
1397 4126 1697 4190 debemus
1740 4125 1905 4188 hanc
1950 4123 2309 4188 libertatem
2350 4125 2418 4186 in
2448 4124 2827 4189 collocandis
2871 4147 3051 4207 prae-

369 4243 786 4324 posit-ionibus
844 4265 920 4308 ex
976 4244 1227 4326 linguae
1270 4245 1630 4308 vetustioris
1685 4251 1750 4307 et
1808 4244 2141 4325 praecipue
2186 4242 2552 4307 Homericae
2597 4264 2716 4307 usu
2766 4244 3051 4308 relictam

366 4382 405 4422 a
461 4363 666 4442 poetis
723 4363 980 4444 tragicis
1023 4370 1395 4445 usurpatam
1437 4383 1597 4440 esse,
1653 4362 1762 4425 ubi
1810 4363 1899 4426 eis
1942 4361 2219 4444 placeret
2262 4343 2465 4442 neque
2506 4362 2819 4444 elegantia
2858 4370 3050 4444 atque

371 4480 787 4561 perspicuitas
855 4482 1156 4546 orationis
1225 4483 1632 4546 minueretur.
1721 4480 2023 4545 Nonnulli
2076 4501 2221 4543 vero
2279 4479 2397 4543 loci
2466 4487 2747 4558 exstant,
2818 4483 3049 4563 quibus

496 4651 537 4716 ¹)
591 4649 650 4702 in
682 4649 863 4704 11111100
901 4651 1195 4715 lectionum
1231 4652 1403 4704 Berol.
1445 4650 1554 4702 hib.
1600 4652 1730 4704 1860
1767 4677 1834 4694 -=-
1876 4666 2052 4718 opusc.
2089 4649 2158 4715 ΙΙ,
2200 4649 2313 4703 187.

491 4738 537 4806 ²)
589 4735 648 4788 in
685 4754 819 4791 mue.
856 4738 1028 4791 Rhcn.
1075 4739 1202 4792 1857
1239 4753 1360 4806 pag.
1399 4740 1516 4791 ⁶264.
