3559 5184
1793 193 1873 258 37

502 463 624 526 vim
669 462 918 541 habeat,
963 483 1091 528 suo·
1115 463 1254 528 iure
1294 471 1471 528 tenet
1513 466 1785 549 primum
1830 483 2045 530 versus
2088 463 2311 530 locum.
2396 464 2490 528 Ib.
2540 471 2652 528 551
2719 461 2921 530 καλόν
2975 487 3045 550 γε
3091 463 3167 531 τὸ

503 580 700 668 γέρας
741 585 832 666 τῷ
882 578 1043 668 ξένῳ
1087 579 1308 660 δίδως.
1391 583 1697 669 Apposito
1752 581 1828 669 γέ
1880 585 2005 648 iam
2040 583 2356 648 indicatur
2398 583 2590 648 verbo
2632 579 2835 650 καλόν
2874 584 3166 648 maiorem

498 699 622 764 'vim
659 719 796 765 esse
831 700 1250 765 tribuendam.
1308 700 1556 785 Fragm.
1597 705 1730 781 140,
1763 707 1801 765 2
1843 701 2106 768 ἐσθλῶν
2144 699 2307 768 ὅταν
2348 698 2593 785 τύχωσι
2635 707 2766 768 τῶν
2808 700 3165 788 ἐρωμένων.

503 817 576 882 In
619 817 842 898 verbis,
887 839 1062 903 qnae-
1097 838 1340 888 versum
1386 821 1642 886 tertium
1694 828 1910 886 secuta
1952 828 2101 886 sunt
2142 840 2347 902 neque
2390 841 2535 887 vero
2577 822 2661 886 ad
2703 808 2990 886 nostram
3025 841 3172 906 per·-

503 945 808 1003 venerunt
859 945 1126 1004 aetatem
1147 989 1161 1016 ‚
1217 939 1528 1024 oppositio
1587 941 1749 1006 vocis
1802 939 2062 1007 έσθλῶν
2122 939 2311 1005 fuisse
2364 940 2628 1017 videtur,
2684 940 2854 1020 quod
2915 961 2993 1004 ex
3034 945 3176 1004 tota

503 1055 624 1121 loci
665 1063 898 1122 natura
937 1055 1223 1121 concludi
1252 1064 1480 1143 potest.
1547 1055 1795 1140 Fragm.
1832 1064 1970 1136 612,
2004 1065 2043 1122 3
2074 1077 2167 1141 sq.
2206 1053 2375 1124 ἀλλὰ
2405 1058 2529 1136 τὰς
2558 1053 2821 1143 ὁμιλίας
2868 1059 2877 1142 Ι
2922 1056 3175 1137 ἐσθλὰς

506 1170 786 1252 διώκειν,
834 1166 887 1241 ὦ
933 1173 1088 1253 νέοι,
1136 1173 1562 1256 σπουδάζετε.

729 1293 1064 1360 Nonnullis·
1115 1295 1268 1360 locis
1309 1295 1590 1360 videmus
1647 1297 1835 1360 etiam
1880 1295 2073 1361 verbo
2126 1314 2241 1381 per
2295 1296 2557 1360 ironiam
2603 1296 2773 1361 dicto
2816 1295 2939 1360 hac
2980 1294 3171 1360 collo-

503 1404 748 1478 catione
803 1414 1092 1478 maiorem
1140 1415 1260 1477 vim
1319 1412 1542 1492 tribui,
1597 1421 1671 1478 ut
1724 1415 1931 1478 ironia
1966 1432 2153 1496 qnam
2202 1414 2691 1479 luculentissime
2734 1414 3169 1499 perspiciatur,

496 1531 628 1596 Ion.
675 1535 796 1594 830
867 1532 1092 1597 καινὸν
1149 1531 1224 1598 δὲ
1281 1524 1541 1616 τοῦνομ’
1597 1527 1726 1597 ἀνὰ
1779 1527 2014 1614 χρόνον
2071 1531 2539 1617 πεπλασμένον
2596 1539 2663 1598 et
2710 1529 2941 1598 Bacch.
3006 1536 3169 1595 1246

501 1647 702 1715 καλὸν
745 1645 822 1715 τὸ
865 1655 1056 1735 θῦμα
1097 1653 1560 1734 καταβαλοῦσα
1596 1648 1925 1736 δαίμοσιν.
1996 1651 2283 1734 Utroque
2308 1653 2471 1717 enim
2504 1651 2788 1738 exemplo
2816 1652 2937 1716 iam
2968 1651 3173 1736 primo

505 1788 724 1833 versus
765 1767 902 1833 loco
941 1769 1260 1834 indicatur
1301 1772 1594 1836 maiorem
1635 1771 1757 1835 vim
1801 1769 1901 1834 his
1942 1769 2149 1834 verbis
2188 1771 2407 1836 inesse.

724 1887 966 1952 Deinde
1021 1884 1308 1952 nonnulli
1357 1889 1477 1953 loci
1531 1889 1834 1953 afferendi
1884 1895 2058 1967 sunt,
2118 1889 2347 1970 quibus
2385 1887 2771 1959 ,adiectivum
2833 1905 2971 1952 cum
3018 1886 3168 1950 snb-

497 2006 772 2070 stantivo
814 2006 908 2070 ita
949 2013 1087 2070 arte
1129 2009 1526 2072 coniunctum
1573 2015 1684 2085 est,
1731 2015 1809 2070 nt
1850 2009 1971 2072 hae
2012 2008 2175 2073 duae
2205 2026 2385 2072 voces
2417 2024 2603 2071 unam
2635 2007 2813 2088 quasi
2852 2005 3165 2070 notionem

497 2123 772 2190 efficiant
813 2132 1007 2205 atque
1043 2126 1230 2190 nnius
1264 2125 1433 2190 verbi
1475 2125 1678 2190 instar
1719 2125 1866 2190 sint.
1942 2125 2043 2190 Ita
2085 2126 2215 2192 fere
2249 2122 2481 2192 factum
2526 2133 2627 2191 est
2650 2123 2802 2188 Eur.
2835 2123 2968 2188 Alc.
3007 2128 3166 2186 1115

499 2243 578 2330 τῇ
627 2248 709 2331 σῇ
764 2242 1076 2308 πέποιθα
1128 2243 1296 2330 χειρὶ
1353 2243 1537 2332 δεξιᾷ
1577 2240 1765 2332 μόνῃ.
1856 2243 1991 2310 Hoc
2033 2244 2169 2310 loco
2208 2243 2376 2332 χειρὶ
2413 2243 2599 2332 δεξιᾷ
2642 2264 2757 2329 pro
2801 2265 2927 2308 uno
2978 2241 3167 2307 verbo

497 2360 862 2426 habendum
903 2369 1016 2440 est,
1060 2383 1204 2426 cum
1243 2381 1544 2448 persaepe
1587 2365 1778 2428 etiam
1813 2362 2077 2428 verbum
2114 2364 2298 2452 δεξιᾷ
2340 2363 2605 2428 eandem
2633 2364 2761 2426 vim
2800 2362 3053 2426 habeat.
3084 2395 3169 2407 —-

497 2479 709 2544 Etiam
751 2479 890 2544 Hel..
943 2487 1104 2544 1109
1149 2479 1224 2547 σὲ
1269 2481 1390 2546 τὰν
1435 2476 1839 2548 ἀοιδοτάταν
1882 2475 2127 2566 ὄρνιθα
2170 2479 2472 2569 μελῳδὸν
2512 2475 2763 2570 ἀηδόνα
2808 2474 3171 2562 δακρυόεσ-

498 2620 620 2665 σαν
661 2599 860 2663 verba
897 2592 1141 2686 ὄρνιθα
1183 2597 1482 2687 μελῳδόν
1523 2621 1716 2665 unam
1759 2603 2083 2666 notionem
2130 2600 2425 2666 efficiunt.
2490 2596 2719 2665 Bacch.
2754 2603 3167 2664 996=1016

498 2717 611 2781 τὸν
665 2711 875 2782 ὅτ’-θεον
919 2712 1167 2802 ἄνομον
1208 2713 1438 2786 ὄῖδικον
1478 2715 1768 2801 Ἐχίονος
1810 2715 2005 2785 τόκον
2048 2725 2297 2809 γηγενῆ.
2384 2719 2519 2784 Hoc
2562 2720 2699 2784 loco
2741 2717 2932 2782 verba
2971 2711 3169 2782 τόκον

497 2841 720 2923 γηγενῆ
779 2838 981 2901 artius
1047 2837 1414 2915 cohaerent,
1484 2831 1567 2904 ad
1631 2857 1795 2922 quae
1854 2841 2043 2906 verba
2110 2839 2236 2905 alia
2290 2839 2598 2904 adiectiva
2654 2829 2865 2903 ἄθεον
2896 2829 3169 2919 ’ἄνομον

501 2948 728 3020 ἄδικον
765 2964 1193 3040 apponuntur.

725 3073 1166 3159 Compluribus
1222 3074 1374 3140 locis
1433 3075 1925 3159 praedicativam
1969 3075 2445 3140 collocationem
2486 3073 2940 3139 adiectivornm
2982 3093 3057 3136 ea
3098 3090 3167 3136 re

503 3200 658 3276 puto
716 3195 1002 3257 excusari
1057 3215 1237 3278 posse
1253 3245 1266 3272 ,
1323 3195 1495 3275 qnod
1548 3195 1927 3258 adiectivum
1968 3195 2171 3276 magis
2210 3193 2623 3278 appositionis
2665 3193 2792 3255 vim
2834 3191 3045 3268 habet,
3096 3197 3168 3255 ut

503 3311 661 3374 nihil
703 3311 949 3376 molesti
993 3314 1144 3377 insit
1183 3314 1248 3375 in
1291 3333 1367 3378 ea
1397 3313 1817 3377 collocatione.
1894 3308 2073 3390 Quod
2120 3312 2219 3376 his
2258 3311 2411 3376 locis
2438 3311 2687 3376 videtur
2729 3310 2966 3376 factum
3004 3327 3169 3396 esse:

503 3429 724 3494 Aesch.
771 3430 944 3515 Sept.
991 3437 1110 3494 509
1170 3429 1412 3513 ἐχθρὸς
1467 3430 1592 3518 γὰρ
1651 3427 1809 3520 ἁνὴρ
1870 3425 2059 3517 ἀνδρὶ
2108 3435 2201 3518 τῷ
2258 3425 2679 3516 ξυστήσεται,
2762 3429 2872 3492 ubi
2930 3424 3173 3513 ἐχθρός

503 3567 760 3632 prorsus
813 3549 943 3614 fere
996 3551 1062 3612 in
1111 3547 1491 3614 substantivi
1549 3551 1674 3613 vim
1733 3549 1910 3616 abiit.
1958 3587 2034 3595 —-
2084 3547 2277 3634 Soph.
2322 3549 2542 3630 fragm.
2586 3553 2726 3625 401,
2771 3555 2819 3611 4
2868 3546 2990 3625 τὰς
3046 3530 3168 3611 θε-

501 3665 840 3752 ommni-g
884 3663 1092 3754 ἱεριάς
1135 3669 1558 3747 Δωδωνίδας.
1644 3668 1795 3732 Eur..
1841 3668 1980 3733 Hel.
2023 3676 2142 3732 644
2199 3666 2275 3733 τὸ
2334 3664 2531 3732 κακὸν
2574 3667 2632 3732 δ’
2678 3663 2941 3751 ἀγαθὸν
2981 3664 3056 3732 σέ
3098 3689 3170 3730 τε

501 3777 668 3868 κάμὲ
711 3781 1087 3872 συνάγαγεν,
1149 3779 1200 3851 ὦ
1255 3782 1450 3864 πόσι,
1514 3783 1795 3871 χρόνιον,
1858 3782 1995 3853 ἀλλ’
2040 3785 2221 3872 ὅμως
2262 3781 2549 3868 δναίμαν
2588 3781 2801 3866 τύχας.
2888 3784 3168 3849 Verbum

498 3901 778 3994 χρόνιον,
835 3925 982 3969 cum
1032 3907 1240 3969 minus
1293 3912 1430 3970 arte
1483 3903 1817 3971 cohaereat
1877 3925 2020 3971 cum
2080 3904 2287 3971 verbis
2336 3902 2412 3971 τὸ
2460 3903 2659 3971 κακὸν
2713 3896 2993 3990 ἀγαθόν,
3052 3923 3168 3988 pro

498 4024 891 4111 appositione
957 4023 1317 4088 habendum
1382 4024 1648 4088 videtur.
1757 4024 1897 4110 Iph.
1953 4024 2096 4088 Aul.
2160 4029 2280 4086 ‘286
2352 4023 2474 4102 τὰς
2546 4017 2888 4106 Ἐχινάδας
2958 4019 3170 4087 λιπών

499 4139 737 4230 νήσους
778 4138 1138 4225 ναυβάταις
1181 4136 1670 4231 ἀπροςφόρους.
1763 4142 1829 4208 Si
1878 4143 2069 4208 verba
2108 4149 2277 4207 recte
2318 4143 2558 4207 tradita
2599 4149 2765 4220 sunt,
2808 4137 3170 4223 ναυβάταις

501 4234 976 4350 ἀπροςφόρους
1043 4261 1292 4326 videtur
1363 4279 1476 4345 per
1543 4261 1999 4346 appositionem
2090 4262 2380 4326 additum
2454 4281 2619 4339 esse,
2702 4282 2845 4325 oum
2906 4238 3170 4324 veibum

500 4376 734 4468 νήσους
801 4381 929 4444 iam
999 4380 1154 4444 satis
1223 4379 1554 4444 definitum
1621 4382 1704 4444 sit
1777 4381 2067 4465 apposito
2120 4381 2426 4447 adiectivo
2485 4375 2846 4463 Ἐχινάδας.
2936 4377 3170 4443 Similis

495 4499 668 4563 locus
693 4505 790 4562 est
827 4498 1017 4582 Soph.
1049 4499 1147 4562 Αἱ.
1190 4505 1300 4562 134
1343 4503 1461 4586 τῆς
1505 4492 1881 4586 ἆμφιρύτου
1916 4499 2289 4582 Σαλαμῖνος
2332 4495 2493 4582 ἔχων
2532 4495 2795 4586 βάθρον
2828 4491 3166 4584 ἀγχιάλου,

495 4617 605 4682 ubi
662 4617 924 4681 verbum
977 4618 1352 4702 Σαλαμῖνος
1408 4637 1523 4701 per
1579 4638 1646 4682 se
1699 4618 1859 4682 satis
1916 4624 2138 4682 notum
2194 4626 2386 4700 atque
2438 4618 2773 4688 definitum
2815 4616 3063 4718 videtur
3104 4623 3169 4680 et
3262 4683 3269 4688 ,
3386 4703 3391 4711 ‚

497 4728 814 4824 ἀγχιάλου
873 4743 1123 4800 tantum
1167 4735 1491 4823 epitheton
1539 4755 1797 4814 ornans,
1859 4736 2031 4818 quod
2088 4737 2337 4819 dicitur,
2390 4743 2512 4824 est,
2576 4744 2649 4807 ut
2690 4757 2815 4805 non
2857 4742 2992 4808 tam
3030 4742 3171 4812 arte
3236 4813 3249 4824 ἱ
