3559 5184
1793 241 1873 299 43

501 508 706 574 rarius
733 507 1083 592 Euripides
1126 507 1192 570 in
1233 505 1604 592 tragoediis3
1674 507 1736 569 in
1783 504 2071 591 Cyclope,
2114 507 2289 572 cuius
2330 528 2680 573 sermonem
2723 528 3176 592 nonnunquam

501 648 542 692 a
583 645 872 692 sermone
914 625 1153 706 tragico
1199 624 1516 688 diversum
1559 645 1693 688 esse
1736 625 1862 688 iam
1906 645 2099 709 supra
2144 626 2323 710 (pag.
2372 632 2477 706 31)
2523 627 2765 692 dictum
2806 635 2918 707 est,
2970 629 3174 694 multo

503 745 754 830 saepius
785 743 944 808 haec
971 742 1300 808 collocatio
1341 749 1567 806 exstat.
1641 741 1740 806 Ex
1767 764 1999 825 magna
2026 743 2457 830 exemplorum
2490 747 2672 830 copia
2700 745 2857 810 haec
2884 745 3172 826 afferam:

502 861 726 928 Aesch.
770 861 980 926 Prom.
1030 865 1104 924 77
1172 856 1606 950 οὑπιτιμητής
1659 884 1732 946 γε
1786 866 1917 926 τῶν
1972 856 2196 948 ἔργων.
2294 861 2504 928 Prom.
2548 869 2648 928 96.
2735 864 2850 947 Ag.
2896 869 2969 943 83
3017 869 3173 942 3473

507 984 626 1046 637
684 979 883 1066 χωρὶς
939 976 980 1070 ἡ
1036 978 1188 1068 τιμὴ
1243 981 1440 1045 θεῶν.
1527 978 1830 1044 Videmus
1873 982 2095 1063 igitur,
2156 1003 2283 1045 non
2331 1003 2489 1066 opus
2530 1003 2663 1047 esse
2710 983 2785 1048 G.
2829 982 3175 1047 Hermanni

505 1099 939 1184 explicatione,
982 1097 1092 1178 qui
1120 1097 1296 1161 illam
1324 1098 1594 1179 genetivi
1629 1097 2107 1164 collocationem
2136 1080 2389 1164 admitti
2424 1121 2551 1166 non
2579 1121 2765 1186 posse
2793 1103 3130 1168 existimat.
3144 1107 3165 1146 ¹

503 1218 746 1282 Deinde
789 1216 972 1280 Eum.
1023 1221 1204 1280 1029.
1288 1215 1482 1300 Soph.
1528 1217 1626 1280 Αἱ.
1669 1222 1816 1281 363.
1888 1217 1999 1282 El.
2049 1221 2424 1284 263=358.
2494 1219 2656 1284 Phil.
2705 1224 2848 1286 557.
2922 1219 3172 1302 Fragm.

507 1343 648 1400 691.
735 1335 886 1398 Eur.
917 1334 1154 1400 Phoen.
1187 1339 1327 1412 469,
1380 1337 1518 1397 715.
1608 1333 1828 1420 Suppl.
1876 1342 2018 1400 953.
2106 1336 2205 1403 El.
2238 1344 2381 1402 368.
2465 1339 2605 1424 Iph.
2643 1339 2785 1404 Aul.
2821 1343 2919 1402 752.
3005 1338 3173 1422 Cycl.

507 1447 645 1534 233,
691 1459 830 1533 572,
877 1459 1018 1518 633.
1111 1452 1362 1535 Fragm.
1410 1457 1548 1531 234,
1600 1462 1652 1517 1.

731 1571 905 1636 Haec
945 1570 1074 1636 iere
1116 1571 1328 1650 habui,
1369 1593 1533 1653 quae
1574 1573 1851 1637 >dicerem
1894 1573 1975 1637 de
2018 1574 2305 1656 genetivo
2354 1594 2481 1640 non
2522 1576 2688 1639 inter
2728 1572 3068 1638 articulum
3110 1581 3177 1637 et

503 1713 733 1758 nomen
774 1711 996 1774 regens
1037 1690 1365 1756 collocate.
1451 1690 1670 1772 Neque
1711 1712 1875 1770 vero,
1919 1699 1993 1756 ut
2032 1692 2194 1757 illud
2234 1712 2487 1774 qnoque
2528 1692 2775 1770 addam,
2818 1691 2963 1757 illos
3002 1691 3175 1756 locos

503 1812 800 1890 tractavi,
858 1811 1088 1892 quibus
1132 1809 1457 1891 genetivus
1500 1831 1627 1886 non
1669 1832 1709 1874 a
1751 1810 2149 1875 substantivo
2205 1813 2483 1893 quodam
2541 1811 2881 1896 dependet,
2940 1812 3051 1888 sed
3092 1811 3176 1875 ab

503 1931 810 1996 adiectivo
855 1929 952 1993 vel
994 1929 1327 2014 participio
1372 1927 1468 1993 vel
1507 1929 1817 2024 infinitivo
1866 1951 2007 1993 cum
2050 1929 2317 1994 articulo
2362 1931 2740 2007 coniunctis,
2798 1948 2959 2010 quos
3002 1928 3176 1993 locos

503 2069 543 2112 a
597 2048 965 2131 quaestione
1022 2053 1244 2112 nostra
1302 2048 1552 2112 omnino
1611 2047 1853 2112 alienos
1894 2069 2029 2113 esse
2072 2049 2199 2111 iam
2244 2053 2472 2133 supra²
2520 2049 2756 2112 monui.
2840 2047 3178 2113 Praeterea

502 2165 628 2231 illis
670 2165 866 2244 -lociS,
933 2165 1046 2230 ubi
1117 2167 1440 2248 genetivus
1495 2166 1809 2251 dependet
1868 2166 1950 2232 ab
2009 2167 2315 2240 adiectivo
2370 2166 2649 2246 quodam
2706 2185 2849 2228 cum
2904 2165 3173 2230 articulo

502 2286 887 2363 coniunct0,‚
923 2284 1293 2369 plerumque
1349 2291 1463 2348 aut
1521 2286 1843 2368 genetivus
1897 2286 2237 2371 partitivus
2291 2291 2530 2362 exstat,
2598 2290 2673 2346 ut
2714 2282 2907 2368 Soph.
2952 2283 3174 2366 fragm.

505 2407 642 2482 236,
685 2407 721 2465 2
765 2398 1131 2488 τάναγκαῖα
1175 2405 1298 2468 τοῦ
1335 2400 1521 2486 βίου,
1586 2404 1627 2466 i.
1671 2425 1722 2467 e.
1767 2403 1836 2467 id
1880 2405 1947 2467 in
1991 2405 2151 2482 vita,
2196 2404 2371 2484 quod
2413 2403 2832 2467 necessarium
2876 2408 2999 2479 est,
3063 2408 3177 2465 aut

502 2523 824 2604 genetivus
866 2526 948 2586 ab
991 2523 1130 2607 ipsa
1171 2523 1430 2588 notione
1472 2521 1926 2587 adjectivorum
1969 2523 2300 2607 dependet,
2345 2527 2419 2585 ut
2461 2520 2685 2585 Aesch.
2734 2518 3017 2604 Choeph.
3062 2524 3175 2582 117

501 2645 646 2719 τοῖς
721 2638 966 2720 αἰτίοις
1037 2646 1148 2738 νῇν
1199 2646 1320 2706 τοῦ
1390 2636 1638 2728 φόνου,
1727 2661 1872 2727 cum
1928 2640 2187 2710 verbum
2260 2635 2478 2718 αἴτιος
2542 2639 2747 2724 ipsum
2820 2638 3178 2719 genetivum

501 2779 712 2823 secum
755 2758 1008 2823 habeat.

1765 2935 1921 3026 §a

774 3097 868 3165 Dc
909 3096 1270 3170 attributis
1317 3113 1464 3166 cum
1509 3097 1805 3166 articulo
1854 3098 2209 3168 collocatis
2254 3099 2411 3184 post
2451 3094 2914 3196 substantiva,

1295 3232 1465 3302 quae
1511 3214 1881 3284 articulum
1923 3234 2058 3287 non
2104 3215 2379 3286 habent.

732 3385 946 3448 Pauca
979 3384 1136 3448 mihi
1171 3383 1408 3449 addere
1439 3383 1628 3448 liceat
1668 3383 1746 3448 de
1783 3406 1858 3448 ea
1892 3383 2303 3449 collocatione
2332 3406 2648 3470 persaepe,
2692 3381 3064 3469 praesertim
3096 3379 3179 3443 ab

501 3501 822 3586 Euripide,
869 3511 1192 3588 usurpata,
1234 3503 1342 3566 ubi
1386 3502 1857 3568 substantivum
1902 3503 2036 3567 sine
2071 3502 2339 3567 articulo
2383 3502 2644 3587 ponitur
2678 3508 2741 3566 et
2784 3499 3182 3575 attributum,

503 3620 630 3684 sive
691 3620 1068 3684 adiectivum
1122 3621 1252 3685 sive
1309 3623 1634 3703 genetivus
1679 3595 1809 3684 sive
1852 3621 2025 3685 aliud
2080 3621 2337 3685 verbum
2381 3644 2523 3686 cum
2566 3619 2833 3685 articulo
2878 3617 3181 3698 sequitur,

504 3746 577 3803 ut
618 3738 992 3825 paradigma
1038 3741 1122 3804 sit
1168 3735 1327 3829 ἀνὴρ
1372 3736 1408 3806 ὁ
1459 3735 1746 3825 ἀγαθός.
1814 3741 1989 3817 Quae
2024 3740 2285 3825 propria
2326 3739 2588 3824 praebet
2628 3738 2786 3802 haec
2830 3735 3180 3813 collocati0‚

502 3856 660 3921 haec
702 3855 832 3920 fere
875 3864 1054 3921 sunt:

729 3974 828 4038 Ex
870 3977 1038 4040 omni
1093 3975 1206 4039 illa
1247 3996 1342 4052 re,
1403 3995 1596 4056 quam
1639 3975 2106 4040 substantivum
2147 3975 2412 4053 indicat,
2478 3973 2784 4038 adjectivo
2840 3971 2941 4036 vel
2994 3992 3181 4052 gene-

503 4093 634 4158 tivo
678 4094 1034 4178 postposito
1082 4114 1230 4178 pars
1275 4094 1543 4175 eligitur,
1589 4113 1753 4174 quae
1794 4094 1877 4158 ad
1918 4093 2143 4172 locum,
2182 4093 2261 4158 de
2304 4114 2430 4174 quo
2474 4093 2701 4173 agitur,
2745 4091 3039 4176 pertinet,
3087 4089 3183 4154 vel

505 4211 973 4276 substantivum
1030 4213 1318 4292 sequenti
1373 4211 1686 4276 attributo
1747 4213 2105 4278 accuratius
2148 4211 2501 4276 definitur.³
2593 4209 2695 4274 Ita
2737 4208 2961 4273 Aesch.
3007 4208 3179 4273 Pers.

507 4335 628 4392 482
675 4328 955 4415 στρατὸς
999 4330 1054 4394 δ’
1099 4324 1133 4392 ὃ
1187 4326 1460 4408 λοιπός,
1521 4331 1834 4397 exercitus
1894 4333 2060 4395 enim
2120 4332 2183 4394 in
2242 4330 2601 4394 universum
2668 4328 2976 4392 nominati
3033 4348 3182 4412 pars

635 4534 678 4598 1)
734 4531 800 4585 cf.
823 4503 1124 4586 Hermanni
1159 4531 1573 4585 annotationem
1610 4533 1680 4586 ad
1717 4533 1862 4586 hunc
1896 4533 2072 4586 locum
2108 4533 2167 4585 in
2204 4532 2446 4586 editione
2478 4546 2576 4584 sua
2612 4530 2923 4584 fabularum
2946 4531 3181 4600 Aeschy-

392 4623 398 4628 '
510 4617 736 4670 Icarum.
1073 4618 1121 4687 ²)
1176 4615 1298 4670 vide
1334 4634 1454 4685 pag.
1492 4619 1577 4673 39.

635 4721 682 4788 ⁸)
738 4720 804 4773 cf.
840 4721 1157 4774 Kuhnerum
1205 4720 1240 4774 1.
1277 4737 1322 4774 c.
1358 4720 1426 4787 ΙΙ,
1466 4723 1512 4787 1,
1549 4727 1579 4788 ξ
1616 4721 1736 4788 464,
1771 4723 1805 4776 3
1858 4721 1956 4774 sub
1990 4719 2155 4777 finem
2188 4725 2248 4779 et
2282 4721 2655 4777 Hermannum
2691 4719 2751 4774 in
2786 4719 3029 4776 editione
3066 4722 3181 4791 Iph.

506 4807 629 4860 Aul.
667 4806 898 4876 praefat.
934 4823 1056 4876 pag.
1093 4807 1235 4861 XIX.
1838 4815 1845 4823 “
