3559 5184
1675 143 1754 204 36

383 419 552 477 sunt.
638 410 870 475 Phoen.
925 416 1047 474 433
1115 409 1324 486 θεοὺς
1395 411 1450 476 δ’
1506 406 1800 494 ἐπώμοσ)
1856 407 1947 489 ὡς
2018 407 2345 490 ἀκουσίως
2418 413 2425 496 Ι
2498 417 2639 490 τοῖς
2706 410 3056 501 φιλτάτοις

386 525 645 596 ἑκοῦσιν
709 524 963 617 ἠράμην
1028 523 1242 614 δόρυ.ί
1340 528 1616 594 Verbum
1696 523 1957 596 ἑκοῦσιν
2020 531 2363 612 signifieat3
2432 551 2571 596 cum
2640 531 2733 596 illi
2802 531 3054 596 vellent.

315 689 318 694 -
387 648 586 715 Simul
631 641 911 726 ἑκοῦσιν,
955 668 1094 712 cum
1142 654 1499 732 opponatur
1545 641 2230 726 o'enovolwg,-1naiorem
2272 651 2393 714 vim
2439 649 2649 728 habet,
2692 657 2787 714 ut.
2806 673 2881 714 ea
2918 653 3058 736 ipsa

387 768 466 832 de
507 788 696 832 causa
737 766 886 830 huie
927 766 1320 832 collocationi
1364 766 1537 830 locus
1579 767 1684 831 sit.
1768 767 1863 831 Ib.
1912 773 2031 832 526
2092 763 2210 833 οὐκ
2268 759 2345 834 εὖ
2399 768 2609 854 λέγειν
2664 768 2785 856 χρὴ
2829 769 2918 858 μὴ
2952 763 3058 834 >πὶ

388 890 532 962 τοῖς
586 881 803 971 ἔργοις
856 886 1116 963 καλοῖςε
1187 885 1240 948 si
1296 905 1398 949 res
1437 905 1562 948 non
1600 885 1904 970 pulchrae
1946 894 2113 951 sunt.
2204 886 2426 972 Suppl.
2475 892 2593 950 222
2640 887 2944 973 λαμπρὸν
2988 886 3060 953 δὲ

387 1005 650 1090 θολερῷ
695 1004 884 1086 δῶμα
915 1001 1243 1088 συμμίξας
1269 1001 1345 1068 τὸ
1377 998 1495 1068 σόν
1513 1027 1532 1066 τ
1575 1025 1952 1086 quamq-uam
1989 1007 2211 1071 domus
2242 1012 2354 1069 tua
2386 1005 2613 1071 nobilis
2642 1014 2797 1071 erat.
2871 1007 3060 1072 Prae-

380 1131 564 1199 terea
629 1119 934 1208 λαμπρόν
989 1143 1128 1187 611111
1200 1129 1555 1206 opponatur
1609 1123 1875 1210 θολερῷ
1931 1131 1996 1189 et
2054 1125 2347 1190 maiorem
2406 1125 2527 1190 vim
2586 1124 2851 1202 habeat,
2926 1125 3062 1190 iure

390 1243 658 1327 primum
705 1263 922 1306 versus
963 1241 1166 1305 locum
1207 1240 1472 1306 obtinet.
1557 1240 1807 1305 Heracl.
1853 1246 1885 1304 7
1893 1249 1929 1306 5
1988 1238 2162 1309 ἴδετε
2204 1242 2322 1308 τὸν
2364 1240 2606 1328 γέροντ’
2650 1237 2909 1327 ἇμαλὸν
2948 1241 3063 1308 ἐπὶ

391 1358 574 1446 πέδῳ
627 1356 934 1444 χύμενονε
993 1379 1134 1424 eum
1178 1366 1390 1424 tamen
1432 1361 1640 1424 tenuis
1682 1361 1785 1425 sit.
1865 1357 1958 1425 lb.
2007 1367 2129 1425 690
2182 1359 2455 1447 σμικρὸν
2492 1361 2571 1426 τὰ
2630 1361 2750 1427 σὸν
2792 1357 3063 1448 σήκωμα

391 1475 760 1564 προςτίθης
843 1472 1565 1565 wiaozg:·qua1nqi1am
1635 1479 1927 1559 exiguum
1999 1487 2097 1544 est
2156 1480 2476 1545 auxilium.
2577 1480 2715 1544 Hel.
2772 1487 2897 1543 614
2966 1499 3060 1561 sq.

391 1593 618 1686 φήμας
687 1598 742 1663 δ’
798 1591 836 1685 ἦ
905 1593 1186 1661 τάλαινα
1250 1595 1576 1680 Τυνδαρὶς
1635 1596 1642 1679 Ι
1708 1591 1923 1676 ἄλλως
1978 1597 2184 1676 κακὰς
2248 1591 2524 1686 ἤκουσεν
2587 1596 2779 1665 οὗὸἐν
2851 1596 3061 1664 αἶτιάε

389 1734 769 1800 quamquam
827 1717 1075 1781 omnino
1129 1715 1318 1800 culpa
1380 1722 1571 1779 caret.
1659 1713 1801 1800 Iph.
1846 1715 2032 1780 Tam.
2088 1722 2242 1780 1163
2302 1713 2379 1782 οὗ
2452 1713 2724 1800 καθαροί
2791 1736 2908 1799 μοι
2980 1717 3062 1782 τὰ

393 1831 638 1916 θύματ’
682 1829 1099 1922 ἠγρεύσασθ’,
1161 1826 1357 1912 ἄναξε
1427 1855 1549 1898 11611
1591 1835 1751 1899 enim
1796 1856 1993 1919 purae
2036 1843 2186 1899 sunt
2226 1837 2528 1914 victimae,
2591 1851 2750 1919 quas
2790 1827 3063 1922 cepistis.

395 1952 562 2036 Cycl.
615 1959 734 2016 556
793 1951 1012 2018 πλέων
1067 1951 1144 2018 δὲ
1185 1950 1302 2016 τὸν
1359 1947 1610 2040 σκύφον
1664 1950 1852 2018 δίδοι·
1905 1949 2171 2037 μόνονῆ
2250 1955 2301 2018 si
2358 1955 2583 2039 plenus
2635 1963 2731 2020 est
2772 1955 3064 2039 scyphus.

394 2069 641 2152 Fragm.
676 2074 814 2149 2733
856 2078 878 2133 l
921 2070 1174 2157 πτηνὰς
1217 2065 1496 2148 διώκεις,
1543 2062 1597 2136 ὦ
1641 2070 1885 2149 τέκνον,
1934 2070 2055 2150 τὰς
2096 2069 2405 2150 ἐλπίδαςε
2452 2093 2588 2138 cum
2626 2081 2835 2138 tamen
2870 2095 3066 2138 vanae

393 2190 522 2254 sint
587 2209 732 2273 spes
796 2189 892 2253 vel
958 2189 1304 2271 aufugiant.
1391 2189 1641 2270 Fragm.
1689 2195 1828 2268 297,
1888 2196 1923 2252 2
1999 2188 2287 2269 ἐσθλοὺς
2352 2197 2617 2278 πονηρῷ
2674 2197 2766 2278 τῷ
2825 2188 3065 2278 φθόνῳ

395 2307 817 2390 νικωμένουςε
885 2329 1021 2372 cum
1080 2329 1278 2394 prava
1330 2310 1414 2372 sit
1467 2308 1720 2372 invidia.
1809 2308 2137 2373 Praestare
2179 2317 2404 2374 tamon
2448 2312 2697 2375 videtur
2756 2313 3069 2396 scriptura

375 2428 642 2511 ⁸Bothii:
707 2431 1032 2513 πονηρῶν.
1122 2426 1332 2491 Verba
1385 2421 1672 2503 ἐσθλούς
1725 2434 1791 2490 et
1847 2428 2523 2515 πονηρῴι(πονηρῶν)
2582 2449 2719 2494 cun}
2778 2431 2945 2493 inter
3001 2449 3066 2494 se

395 2554 808 2632 opponantur,
853 2545 1261 2610 collocatione
1301 2546 1632 2610 coniuncta
1675 2553 1842 2609 sunt.

469 2745 479 2752 ·
622 2664 864 2730 Deinde
917 2664 1236 2730 nonnullis
1293 2665 1446 2730 locis
1500 2663 1723 2728 Aesch.
1781 2663 1973 2748 Soph.
2021 2663 2171 2726 Eur.
2230 2663 2311 2728 ob
2372 2683 2509 2728 eam
2564 2666 2758 2730 solam
2816 2685 3065 2730 causam

395 2784 705 2848 adiectiva
749 2783 1166 2868 praedicative
1203 2784 1681 2860 collocaverunt,
1725 2790 1801 2846 ut
1843 2784 2029 2846 etiam
2076 2782 2480 2846 collocatione
2534 2785 2675 2868 ipsa
2718 2784 3068 2847 indicarent

397 2902 496 2966 his
537 2902 743 2966 verbis
801 2903 1092 2966 maiorem
1138 2903 1260 2966 vim
1318 2901 1716 2966 tribuendam
1769 2923 1930 2979 esse,
1960 2897 2084 2965 ·vel
2137 2908 2211 2966 ut
2268 2901 2672 2980 adiectivum‚
2734 2901 2906 2983 quod
2962 2901 3067 2966 alii

398 3021 763 3105 opponitur,
828 3041 1018 3101 quam
1091 3023 1373 3105 proxime
1431 3021 1514 3084 ab
1578 3020 1699 3085 hoc
1750 3019 2017 3084 abesset.
2082 3009 2101 3030 ⁹
2118 3019 2221 3083 Ita
2288 3019 2416 3084 fere
2476 3020 2707 3084 factum
2758 3021 3067 3091 videmus:

399 3140 548 3202 Ant.
595 3145 716 3202 556
765 3135 902 3203 ἀλλ’
947 3136 1064 3204 οὐκ
1107 3138 1210 3205 ἐπ’
1241 3135 1552 3228 ἀρρήτοις
1593 3163 1664 3224 γε
1701 3144 1845 3216 τοῖς
1890 3137 2077 3218 ἐμοῖς
2117 3134 2356 3223 λόγοις.
2432 3139 2821 3202 Adiectivum
2866 3133 3075 3225 ἀρρή-

399 3283 541 3336 τοις
597 3259 890 3323 maiorem
952 3259 1074 3322 vim
1133 3257 1369 3324 habere
1421 3259 1542 3323 iam
1602 3257 1795 3322 verbo
1852 3256 1925 3343 γέ-
1978 3257 2311 3320 indicatur.
2411 3255 2508 3319 El.
2570 3263 2723 3319 1500
2796 3249 2935 3321 ἀλλ’
2996 3253 3070 3321 οὗ

401 3379 731 3462 πατρῴαν.
757 3375 871 3464 τὴν
915 3374 1137 3462 τέχνην
1181 3373 1588 3459 ἐκόμπασας.
1675 3375 1904 3440 Bacch.
1952 3381 2075 3438 650
2129 3372 2283 3452 τοὺς
2328 3370 2563 3460 λόγους
2606 3371 2729 3460 γὰρ
2772 3373 3076 3462 ἐσφέρεις

401 3494 666 3572 καινοὺς
719 3490 846 3560 ἀεί.
930 3495 1204 3560 Verbum
1262 3491 1528 3572 καινούς
1585 3495 1915 3559 maximam
1968 3494 2035 3556 in
2090 3494 2416 3557 enuntiato
2458 3494 2580 3556 vim
2627 3493 2850 3571 habet,
2904 3495 3075 3574 quod

401 3616 494 3680 ita
535 3615 800 3698 exprimi
839 3621 1080 3698 potest:
1155 3613 1382 3692 Verba,
1444 3635 1607 3695 quae
1663 3612 1881 3689 affers,
1942 3633 2186 3696 semper
2228 3632 2391 3676 nova
2432 3618 2601 3675 sunt.
2685 3611 2777 3674 lb.
2838 3618 2989 3675 1189
3036 3604 3071 3676 ὁ

403 3728 692 3814 Βάκχιος
759 3731 1116 3818 κυναγέτας
1189 3732 1404 3820 σοφὸς
1457 3737 1686 3819 σοφῶς
1745 3726 2013 3818 ἀνέπηλ’
2070 3729 2203 3796 ἐπὶ
2236 3726 2419 3818 θήρᾳ
2474 3729 2669 3795 τοῦδε
2722 3727 3072 3814 μαινάδας.

402 3850 678 3948 Verbum
722 3847 937 3939 σοφός
975 3853 1277 3916 usitatum
1321 3851 1527 3916 locum
1571 3871 1696 3914 non
1740 3857 1930 3928 tenet,
1974 3871 2053 3914 nc
2096 3849 2291 3913 verba
2330 3847 2551 3936 σοφὸς,
2593 3854 2824 3936 σοφῶς
2864 3851 3073 3913 seiun-

403 3976 650 4052 gantur.
751 3969 1086 4036 Praeterea
1142 3965 1356 4058 σοφός
1416 3991 1542 4034 non
1599 3969 1815 4034 eodem
1874 3968 2059 4034 modo
2114 3968 2199 4032 ad
2258 3965 2613 4053 κυναγέτας
2678 3965 3071 4032 referendum

400 4096 527 4166 est,
595 4110 724 4169 quo
779 4088 1046 4154 alterum
1103 4090 1476 4154 adiectivum
1531 4089 1969 4173 interpositum
2031 4081 2356 4167 Βάκχιοςς
2427 4085 2547 4150 hoc
2598 4087 2761 4151 enim
2820 4086 3072 4164 indicat,

399 4209 546 4289 quis
599 4209 684 4272 sit
736 4206 1107 4294 κυναγέτας,
1167 4207 1344 4284 illud,
1405 4207 1610 4288 qualis
1649 4208 1752 4272 sit.
1838 4205 2009 4290 Cycl.
2064 4209 2187 4268 419
2218 4201 2443 4270 καλὸν
2499 4203 2576 4268 τὸ
2644 4207 2848 4287 πῶμα
2894 4203 3074 4270 δαιτὶ

404 4325 576 4412 πρὸς
617 4327 778 4414 καλῇ
825 4324 1045 4404 δίδως.
1118 4325 1392 4391 Verbum
1441 4321 1642 4391 καλόν
1667 4347 1808 4391 cum
1843 4323 2221 4408 respondeat
2250 4322 2441 4387 verbo
2478 4324 2639 4411 καλῇ
2674 4329 2739 4387 et
2778 4324 3069 4388 maiorem

533 4511 578 4581 ¹)
629 4511 734 4564 Pro
780 4513 1018 4574 ἑκοῦσιν,
1069 4513 1210 4581 quod
1253 4511 1547 4565 scholiasta
1592 4509 1848 4579 praebet,
1899 4507 2028 4562 libri
2076 4507 2337 4564 exhibent
2380 4510 2632 4563 τοκεῦσιν
2673 4507 2757 4562 vel
2794 4509 3068 4577 γονεῦσιν,

404 4599 748 4653 Hermannus
790 4597 1024 4652 coniecit
1057 4593 1302 4663 ἥκουσιν.

530 4704 578 4771 ²)
633 4703 976 4756 Hei-mannus
1008 4700 1172 4756 alitor
1210 4700 1556 4771 interpungit
1591 4700 1649 4756 in
1683 4699 1768 4756 his
1806 4698 1997 4756 verbis.
