3559 5184
1711 169 1751 234 4

2344 363 2371 408 ο

391 431 462 527 γε’·
505 448 568 505 et
615 423 730 505 οὖν
767 431 898 504 fere
926 432 992 503 in
1020 453 1214 505 unam
1255 442 1634 523 particulam
1663 441 2049 520 coaluerunt,
2093 447 2168 504 ut
2210 440 2583 523 plerumque
2628 429 2722 504 ita
2756 427 3073 505 scribatur

391 581 656 642 quoque,
693 567 758 624 et
799 560 1193 641 singulorum
1229 558 1564 623 verborum
1607 560 1980 642 significatio
2027 561 2132 624 vix
2176 561 2506 624 sentiatur.
2587 560 2923 624 Praeterea
2964 581 3073 624 vo-

389 679 686 745 cabulum
741 677 902 760 ἕμοῦ
957 678 1023 741 in
1075 677 1200 742 fine
1245 679 1555 742 enuntiati
1613 687 1677 743 et
1719 699 1937 744 versus
1992 680 2270 762 positum
2326 679 2627 743 maiorem
2684 680 2808 742 vim
2859 677 3071 756 habet,

391 806 462 863 ut
495 801 601 876 eis,
647 799 757 878 qui
791 796 1180 880 spectabant,
1221 795 1466 862 facilius
1503 805 1667 862 esset
1699 799 1952 880 cognitu
1986 798 2105 862 hoc
2134 797 2397 861 verbum
2431 797 2515 861 ad
2546 799 3075 880 praepositionem

389 913 562 1005 πρός
603 939 738 982 esse
779 915 1196 980 referendum.
1242 953 1318 963 ——
1365 917 1512 979 Ant.
1564 903 1686 980 150'
1744 916 1815 982 ἐκ
1870 915 1993 1000 μὲν
2037 916 2116 1002 δὴ
2178 915 2489 999 πολέμων
2528 919 2659 981 τῶν
2701 921 2812 981 νῦν
2853 915 3074 982 θέσθε

393 1031 824 1124 λησμοσύναν.
911 1033 1047 1098 Hoc
1106 1033 1242 1098 loco
1287 1036 1666 1117 praepositio
1717 1035 1787 1100 ἐκ
1831 1037 2131 1111 maiorem
2173 1037 2302 1098 vim
2341 1034 2551 1114 habet,
2598 1057 2741 1099 cum
2784 1037 2847 1098 in
2892 1037 3073 1099 initio

389 1155 700 1220 enuntiati
741 1160 808 1217 et
863 1155 930 1215 in
985 1153 1111 1216 arsi
1166 1154 1374 1234 posita
1416 1154 1517 1217 sit.
1606 1153 2109 1236 Praepositiones
2150 1155 2318 1218 enim
2361 1154 2855 1236 monosyUabae,
2911 1176 3074 1236 quae

389 1274 590 1340 multo
635 1272 883 1354 saepius
925 1293 966 1336 a
1007 1271 1418 1336 substantivis
1463 1279 1742 1336 remotae
1783 1273 2205 1350 inveniuntur,
2250 1293 2443 1353 quam
2484 1294 2645 1353 quae
2690 1273 2849 1338 duas
2883 1273 3073 1356 sylla-

390 1395 506 1458 bas
551 1392 876 1457 continent
891 1440 905 1469 ,
962 1411 1209 1472 semper
1248 1390 1376 1455 fere
1419 1391 1512 1456 ita
1554 1390 1896 1455 collocatae
1940 1399 2103 1469 sunt,
2145 1398 2219 1455 ut
2261 1393 2459 1456 ictum
2502 1391 2799 1456 habeant.
2890 1393 3073 1470 Quod

389 1521 464 1602 nt
521 1513 704 1576 fieret
721 1560 734 1587 ,
796 1510 862 1572 in
919 1511 1228 1574 trimetris
1270 1509 1398 1572 iam
1441 1530 1516 1573 ea
1557 1510 1636 1573 de
1679 1531 1746 1574 re
1790 1510 2161 1592 plerumque
2201 1531 2451 1576 necesse
2493 1518 2656 1590 erat,
2716 1533 2859 1576 cum
2902 1515 3074 1596 ipsae

390 1632 698 1724 positione
734 1627 958 1709 longae
999 1635 1208 1693 essent
1242 1628 1572 1711 particulis
1616 1629 1907 1708 omnibns
1951 1629 2079 1693 fere
2121 1651 2161 1693 a
2194 1637 2575 1695 consonante
2614 1631 3073 1731 incipientibus,

390 1759 454 1816 et
499 1748 743 1834 syllaba
784 1746 991 1812 brevis
1035 1754 1420 1828 sequoretur.
1516 1747 1652 1824 Quo
1709 1746 1947 1811 factum
1988 1755 2112 1826 est,
2172 1755 2247 1812 ut
2300 1751 2358 1813 ei
2404 1751 2511 1829 qui
2568 1751 2943 1832 spectabant
2956 1802 2971 1830 ,
3022 1754 3074 1816 si

389 1868 856 1954 substantivum
895 1865 1256 1947 audiebant,
1313 1864 1558 1930 facilius
1602 1867 2084 1948 praepositionis
2126 1868 2572 1932 meminissent.
2620 1907 2699 1916 --
2746 1868 2899 1933 Oed.
2943 1869 3079 1934 Rex

400 1994 513 2052 137
571 1983 740 2069 ὑπὲρ
801 1983 926 2070 γὰρ
986 1979 1131 2066 οὐχὶ
1181 1989 1312 2049 τῶν
1355 1979 1680 2065 ἀπωτέρω
1727 1981 1941 2072 φίλων
1986 1979 2125 2050 ἀλλ’
2176 1981 2379 2064 αὐτὸς
2437 1983 2662 2052 αὑτοῦ.
2754 1987 2890 2052 Hoc
2945 1989 3081 2053 loco

392 2105 774 2189 praepositio
827 2099 997 2188 ὑπέρ
1055 2105 1119 2166 in
1182 2103 1363 2168 initio
1411 2104 1723 2167 enuntiati
1794 2111 1859 2167 et
1913 2125 2129 2168 versus
2187 2112 2252 2168 et
2316 2104 2509 2169 verba
2561 2111 2691 2171 τῶν
2754 2101 3079 2192 ἀπεστέρει)

393 2215 622 2315 φίλων
654 2224 718 2285 in
747 2222 900 2309 'fine
965 2223 1275 2286 enuntiati
1331 2229 1398 2286 et
1442 2243 1658 2286 versus
1719 2229 2000 2300 exstant,
2056 2231 2131 2287 ut
2172 2223 2294 2287 hac
2334 2223 2739 2288 collocatione
2780 2227 3081 2290 maiorem

391 2347 514 2409 vim
561 2345 752 2425 poeta
794 2341 1038 2406 tribuat
1057 2401 1059 2403 ,
1079 2342 1334 2422 utrique
1377 2341 1677 2419 membro,
1734 2349 1800 2406 et
1843 2341 2051 2420 verba,
2092 2363 2255 2423 quae
2295 2343 2673 2424 interposita
2714 2351 2894 2422 sunt,
2954 2343 3079 2430 γὰρ

393 2459 540 2542 οὐχί
591 2459 794 2525 multo
851 2461 1157 2524 minorem
1200 2461 1326 2523 vim
1366 2459 1646 2525 habeant
1660 2511 1674 2538 ,
1737 2481 1934 2541 quare
1994 2460 2175 2525 facile
2218 2461 2719 2542 intellegebatur,
2779 2463 2864 2525 ad
2916 2438 3078 2543 quale

390 2581 583 2645 verba
638 2576 809 2666 ὑπέρ
867 2580 952 2643 sit
1004 2578 1420 2642 referendum.
1513 2578 1847 2644 Praeterea
1904 2579 2239 2644 verborum
2298 2583 2425 2644 τῶν
2483 2574 2807 2668 ἀπεστέρει)
2867 2579 3080 2669 φίλων

390 2701 484 2765 vis
537 2700 730 2762 etiam
785 2719 860 2762 ea
915 2718 984 2761 re
1037 2705 1320 2779 augetur,
1379 2697 1551 2779 qnod
1609 2706 2016 2780 opponuntur
2057 2700 2247 2763 verbo
2308 2696 2535 2768 αὑτοῦ.
2621 2699 2762 2763 Huc
2818 2699 3077 2778 accedit,

391 2819 564 2901 quod
607 2816 802 2882 verba
865 2811 1010 2897 οὐχὶ
1052 2821 1184 2882 τῶν
1226 2816 1401 2900 ἐμῶν
1442 2814 1672 2904 φίλων,
1735 2811 1875 2882 ἀλλ’
1926 2819 2131 2899 posita
2172 2825 2323 2894 sunt
2366 2817 2480 2884 διὰ
2524 2816 2752 2899 μέσου.
2796 2857 2873 2866 —·-
2922 2819 3075 2882 Oed.

391 2939 526 3002 Rex
591 2940 746 3000 1112
806 2931 874 3000 ἔν
931 2960 1003 3002 τε
1060 2934 1184 3023 γὰρ
1240 2931 1471 3021 μακρῷ
1514 2935 1520 3021 Ι
1568 2931 1754 3023 γήρᾳ.
1845 2935 2300 3019 Praepositioni
2360 2937 2561 3002 maior
2607 2939 2699 3001 vis
2758 2937 3075 3015 tribuitur,

392 3078 533 3122 cum
577 3062 642 3118 et
685 3055 750 3117 in
793 3055 974 3118 initio
1022 3055 1331 3118 enuntiati
1375 3061 1440 3118 et
1482 3055 1544 3117 in
1590 3056 1734 3134 arsi,
1779 3062 1845 3118 et
1888 3055 2081 3119 verbo
2120 3060 2373 3141 μακρῷ,
2420 3077 2564 3120 cum
2592 3057 2659 3119 in
2698 3055 2825 3120 fine
2859 3079 3075 3122 versus

392 3176 691 3258 positum.
731 3174 842 3252 sit,
899 3194 1160 3254 eamque
1217 3173 1298 3236 ob
1352 3194 1487 3237 rem
1544 3173 1746 3237 multo
1790 3175 1992 3254 magis
2028 3173 2453 3238 audiebantur
2496 3175 2617 3239 hae
2660 3195 2841 3240 voces
2884 3196 3075 3256 quam

390 3295 799 3378 interpositae
842 3316 913 3358 τε
942 3289 1103 3378 Ιγάρ,
1135 3293 1539 3378 ‘praesertim
1585 3313 1728 3356 cum
1769 3291 1843 3358 τὲ
1882 3293 2243 3357 encliticum
2286 3301 2468 3358 esset.
2514 3331 2597 3340 ———
2641 3293 2925 3358 Eandem
2968 3316 3075 3358 ex-

391 3414 776 3478 cusationem
820 3411 1145 3476 collocatio
1179 3412 1660 3494 praepositionis
1703 3410 1823 3475 hoc
1872 3400 2011 3476 loco
2056 3411 2251 3476 habet
2294 3411 2519 3476 Trach.
2564 3417 2685 3476 308
2735 3413 2907 3499 πρὸς
2955 3413 3076 3496 μὲν

391 3533 517 3622 γὰρ
563 3528 784 3620 φύσιν,
831 3513 1216 3611 quamquam
1259 3530 1608 3612 particulae
1650 3531 2081 3612 interpositae·
2107 3553 2241 3620 non·
2276 3539 2427 3596 sunt
2468 3533 2809 3596 encliticae.

617 3650 934 3715 Audacius
988 3669 1134 3713 vero
1195 3669 1387 3730 quam
1440 3649 1592 3713 locis
1648 3649 1835 3713 modo
1892 3649 2105 3713 allatis
2148 3649 2489 3732 Sophocles
2544 3652 3069 3734 praepositionem

390 3771 716 3836 collocavit
753 3769 850 3833 Ai.
907 3775 1020 3832 155
1077 3765 1244 3854 κατὰ
1291 3763 1350 3833 δ’
1399 3759 1482 3831 ἄν
1536 3792 1636 3845 τις
1693 3766 1879 3850 ἐμοῦ.
1964 3769 2182 3849 Neque
2242 3771 2409 3833 enim
2464 3769 2665 3834 solum
2720 3771 2880 3834 duas
2922 3791 3070 3853 par-

390 3889 616 3954 ticulas
671 3888 1078 3970 interposuit,
1143 3887 1256 3952 sed
1312 3886 1502 3950 etiam
1561 3907 1908 3969 pronomen
1954 3885 2071 3963 τὶς.
2162 3887 2396 3954 Tamen
2442 3889 2633 3968 etiam
2675 3889 2841 3953 hanc
2883 3889 3072 3952 collo-

391 4010 700 4074 cationem
757 4007 1022 4084 habere,
1073 4027 1198 4088 quo
1242 4012 1589 4083 excusetur,
1633 4012 1805 4088 put0,
1866 4028 2010 4071 cum
2068 4007 2383 4089 particula
2426 4007 2502 4074 δέ
2544 4009 2867 4073 elisionem
2910 4028 3071 4088 quae

391 4129 623 4192 dicitur
677 4147 864 4209 passa
911 4127 1022 4202 sit,
1081 4133 1155 4189 ut
1209 4124 1370 4212 duae
1429 4131 1680 4189 tantum
1726 4125 2007 4208 syllabae
2048 4128 2581 4210 praepositionem
2624 4149 2663 4191 a
2705 4128 3074 4209 pronomine

392 4245 552 4331 ἐμοῦ
605 4247 968 4328 seiungam,
1024 4251 1098 4308 ut
1155 4245 1380 4308 ceteris
1436 4243 1588 4308 locis
1648 4243 1835 4308 modo
1896 4243 2108 4308 allatis
2168 4245 2364 4325 (Oed.
2419 4245 2555 4310 Rex
2622 4251 2737 4309 137
2783 4245 2882 4312 vel
2943 4253 3075 4309 tres

391 4365 670 4449 syllabae
737 4346 1145 4446 interpositae
1215 4369 1423 4442 sunt).
1520 4362 1762 4427 Deinde
1832 4363 2093 4428 verbum
2165 4363 2267 4443 τὶς
2334 4364 2534 4429 multo
2590 4365 2896 4430 minorem
2951 4367 3077 4430 vim

391 4485 604 4564 habet,
662 4506 804 4548 cum
857 4483 1214 4548 encliticum
1261 4484 1377 4560 sit3
1443 4482 1829 4564 praepositio
1882 4503 2027 4546 vero
2072 4489 2137 4546 et
2193 4503 2417 4547 nomen
2476 4485 2686 4566 ipsum
2728 4485 2819 4548 eis
2866 4484 3073 4562 rebus,

331 4655 334 4657 Α
393 4605 556 4674 sicut
595 4603 818 4692 ceteris
858 4601 1027 4680 locis,
1072 4601 1412 4682 insigniora
1447 4608 1514 4665 et
1569 4602 1857 4682 graviora
1899 4601 2079 4680 fiunt,
2123 4602 2294 4682 quod
2338 4598 2508 4668 κατά
2552 4604 2827 4686 primum
2871 4603 3077 4667 locum

393 4723 703 4787 enuntiati
752 4721 1020 4799 obtinet,
1079 4719 1242 4805 ἐμοῦ
1299 4719 1590 4785 ultimum
1625 4721 1855 4788 ,locum
1912 4741 2129 4784 versus
2186 4721 2473 4786 obtinere
2519 4723 2771 4785 videtur
2830 4728 3078 4804 (quam.-
