3559 5184
1755 156 1835 224 39

687 427 903 510 Neque
949 449 1090 494 vero
1145 429 1312 494 inter
1367 450 1442 493 ea
1496 449 1659 510 quae
1714 428 1905 493 attuli
1962 429 2253 515 exempla
2310 448 2415 494 eos
2457 426 2626 494 locos
2671 425 3128 495 enumerandos

460 549 696 626 censui,
755 548 987 630 quibus
1029 549 1365 633 participia
1405 547 1829 634 praedicative
1872 547 2177 613 collocata
2220 556 2369 613 sunt
2382 599 2397 626 ,
2456 519 2693 634 quippe
2734 569 2897 630 quae
2940 549 3132 612 verba

460 687 784 748 nunquam
825 688 1002 732 mera
1041 668 1356 732 attributa
1397 667 1525 730 sint
1567 687 1939 751 semperque
1981 668 2047 731 in
2091 668 2487 731 enuntiatum
2531 667 2783 732 dissolvi
2826 667 3119 752 possint.¹

459 785 672 850 Etiam
715 788 773 850 ei
808 784 930 850 loci
985 807 1026 850 a
1067 787 1447 866 quaestione,
1502 805 1695 865 quam
1737 787 2035 864 tractavi,
2089 785 2275 850 alieni
2319 792 2496 864 sunt,
2542 786 2772 867 quibus
2814 807 2938 850 non
2982 786 3133 850 sub-

459 903 804 967 stantivum
817 955 833 979 ,
903 904 1016 968 sed
1084 905 1434 968 infinitivus
1489 901 1897 989 participium
1950 903 2359 969 adjectivum·
2388 904 2617 968 similia
2672 925 2813 968 cum
2864 904 3133 968 articulo

461 1023 926 1104 coniunguntur
985 1029 1052 1086 et
1113 1022 1492 1087 adiectivum
1522 1009 1525 1012 ¹
1555 1022 1879 1103 quoddam
1950 1021 2373 1107 praedicative
2430 1022 2807 1086 collocatum
2851 1023 3133 1087 additur.

465 1141 693 1206 Omnia
747 1143 915 1206 enim
971 1142 1287 1206 attributa
1327 1143 1454 1206 sive
1509 1141 1820 1206 adjectiva
1862 1142 1991 1205 sive
2009 1231 2011 1234 y
2030 1140 2159 1205 alia
2196 1142 2415 1220 verba,
2478 1161 2641 1222 quae
2657 1170 2663 1186 ··
2682 1141 3137 1207 attributorum

463 1262 588 1324 vim
629 1260 884 1340 habent,
926 1262 1278 1346 promiscue
1319 1261 1687 1324 attributive
1717 1265 1780 1323 et
1824 1259 2245 1344 praedicative
2290 1261 2379 1324 eis
2423 1259 2573 1324 locis
2617 1259 3059 1325 collocantur.²

1725 1569 1883 1660 §2.

607 1732 700 1800 De
747 1732 1092 1817 genetivis
1136 1750 1272 1802 non
1317 1732 1503 1800 inter
1546 1731 1914 1802 articulum
1956 1734 2029 1801 et
2068 1731 2575 1801 substantivum
2622 1730 2998 1800 collocatis

695 1899 789 1964 De
844 1902 1111 1982 genetivi
1173 1901 1576 1966 collocatione
1618 1901 1760 1965 vide
1803 1921 1967 1982 quae
2003 1893 2381 1990 ,Kiihnerusss
2432 1885 2497 1965 et
2537 1899 2895 1982 Kriigerus⁴=
2946 1900 3143 1963 disse-
3201 1968 3208 1974 ,

466 2026 749 2082 ruerunt.
840 2019 904 2084 Si
962 2020 1128 2083 enim
1189 2021 1437 2099 dicitur,
1497 2027 1571 2084 ut
1627 2019 1985 2102 exemplum
2042 2041 2081 2084 a
2136 2019 2439 2105 Kiihnero
2504 2020 2775 2102 petitum
2821 2025 3141 2102 repetam:

378 2222 382 2226 Ι
466 2133 506 2225 ἡ
548 2135 939 2224 Σωκράτους
992 2136 1398 2226 φιλοσοφία,
1473 2138 1875 2222 philosophia
1918 2115 2193 2203 Socratis
2236 2139 2503 2226 aliorum
2546 2139 2823 2202 virorum
2866 2136 3145 2222 philoso-

470 2257 658 2341 phiae
699 2259 1073 2342 opponitur3
1129 2259 1182 2322 si
1225 2279 1372 2322 vero
1429 2259 1751 2339 genetivus
1813 2265 1957 2342 post
2016 2256 2475 2350 substantivum
2522 2245 2795 2350 ponitur,
2853 2252 2891 2345 ἡ
2949 2255 3146 2343 φιλο-

473 2373 682 2465 σοφία
739 2371 1130 2461 Σωκράτους
1145 2427 1162 2454 ,
1230 2376 1633 2462 philosophia
1688 2376 1963 2441 Socratis
2034 2375 2137 2440 alii
2209 2376 2458 2440 cuidam
2526 2375 2803 2440 eiusdem
2873 2376 2987 2438 viri
3056 2375 3148 2438 rei

473 2496 840 2581 opponitur,
894 2501 967 2558 ut
1009 2496 1175 2560 vitae
1218 2495 1317 2558 vel
1357 2495 1640 2560 moribus
1684 2467 1836 2560 eius.
1924 2493 2040 2559 Est
2083 2495 2293 2576 igitur,
2334 2477 2408 2559 ut
2450 2495 2543 2558 ita
2584 2494 2807 2573 dicam,
2870 2493 3147 2578 philoso-

472 2614 625 2698 phia
679 2596 745 2677 in
799 2613 901 2678 his
943 2613 1150 2678 verbis
1206 2623 1383 2698 pars,
1441 2634 1604 2695 quae
1647 2636 1724 2678 ex
1773 2620 1913 2678 tota
1956 2613 2233 2678 Socratis
2277 2635 2547 2699 persona
2588 2613 2861 2694 eligitur.
2946 2613 3149 2676 Gene-

475 2735 640 2797 tivus
683 2733 864 2811 enim,
922 2752 1111 2813 quem
1151 2733 1522 2818 partitivum
1565 2734 1786 2797 dicunt
1827 2714 2234 2814 grammatici,
2296 2754 2543 2818 semper
2587 2731 2715 2796 fere
2759 2726 2913 2811 eam,
2958 2752 3150 2813 quam

477 2852 674 2916 altero
721 2850 1006 2936 exemplo
1048 2851 1406 2931 significavi,
1451 2851 1923 2916 collocationem
1964 2852 2175 2931 habet,
2220 2851 2392 2934 quod
2434 2852 2625 2948 etiam
2669 2851 2839 2936 apud
2874 2850 3150 2934 Aeschy-

478 2970 611 3033 lum
645 2969 1018 3055 Sophoclem
1059 2955 1426 3056 Euripidem
1469 2970 1835 3036 invenimus.
1910 2969 2051 3035 Non
2094 2972 2288 3053 igitur
2332 2991 2490 3054 opus
2534 2969 2783 3084 videtur
2826 2970 3013 3034 huius
3058 2969 3151 3032 rei

479 3090 840 3179 notissimae
881 3089 1168 3174 exempla
1209 3089 1330 3153 hoc
1370 3088 1508 3154 loco
1555 3090 1893 3155 cumulare.

709 3208 831 3272 Sed
876 3208 1155 3272 videmus
1211 3209 1577 3294 partitivam
1630 3210 1900 3291 genetivi
1944 3209 2068 3273 vim
2118 3207 2309 3293 paulo
2365 3207 2624 3271 liberius
2677 3227 2716 3271 a
2770 3206 2975 3291 poetis
3017 3211 3151 3269 tra-

482 3328 632 3409 gicis
675 3334 995 3412 sumptam
1040 3349 1191 3406 esse,
1234 3335 1309 3391 ut
1355 3327 1576 3391 Aesch.
1611 3325 1793 3390 Eum.
1831 3331 1973 3390 4⁶22.
2058 3326 2401 3409 Postquam
2448 3325 2675 3390 Furiae
2718 3325 2926 3410 priore
2972 3344 3151 3388 versu

483 3447 781 3510 dixerunt
835 3467 902 3510 se
957 3425 1304 3531 parricidas
1348 3467 1381 3510 e
1428 3446 1718 3511 domibus
1761 3425 2104 3531 expellere,
2162 3445 2407 3509 Athene
2453 3445 2834 3525 interrogat.
2904 3441 3014 3508 καὶ
3058 3447 3149 3527 τῳ

481 3560 783 3631 κτανόντι
825 3569 956 3630 ποῦ
1001 3562 1078 3631 τὸ
1124 3562 1330 3648 τέρμα
1373 3567 1487 3652 τῆς
1531 3569 1764 3654 φυγῆς·
1833 3564 2118 3658 Apparet
2159 3564 2279 3628 hoc
2320 3563 2455 3628 loco
2498 3563 2688 3684 finem
2730 3561 2913 3642 fugae
2957 3562 3153 3625 totius

481 3684 690 3782 fugae,
751 3705 913 3766 quae
967 3685 1176 3769 priore
1221 3704 1402 3748 versu
1459 3690 1945 3748 commemorata
1999 3690 2123 3762 est,
2179 3689 2426 3770 partem
2486 3702 2645 3772 esse,
2702 3687 2777 3744 ut
2832 3681 3075 3762 genetiv
3078 3701 3155 3743 us

481 3804 818 3888 partitivus
871 3803 974 3867 sit.
1020 3840 1102 3850 —-
1157 3801 1398 3866 Eadem
1454 3823 1554 3867 res
1613 3810 1709 3867 est
1751 3801 1903 3866 Eur.
1950 3801 2082 3866 Ion.
2134 3805 2252 3864 517
2311 3797 2351 3889 ἡ
2414 3798 2537 3888 γὰρ
2585 3794 2753 3888 αρχὴ
2794 3801 2913 3865 τοῦ
2956 3795 3153 3884 λόγου

485 3920 744 4007 πρέπου
751 3917 838 3987 σοι’
878 3946 1056 4005 μοι.-
1103 3919 1274 3985 Dicit
1313 3921 1479 3984 enim
1519 3919 1668 3986 Ion:
1741 3921 1921 3984 initio
1966 3919 2267 3984 orationis
2305 3920 2575 4001 gaudeo,
2636 3919 2748 3983 sed
2791 3918 2870 3982 de
2914 3917 3157 3998 reliqua

483 4041 764 4106 oratione
820 4039 977 4102 nihil
1034 4041 1189 4103 certi
1241 4040 1445 4104 dicere
1503 4061 1759 4124 possum
1777 4090 1793 4117 ,
1848 4023 2219 4128 priusquam
2261 4059 2396 4102 eam
2444 4038 2673 4103 audivi.
2764 4035 2923 4100 Cum
2965 4037 3158 4118 igitur

483 4181 632 4246 pars
693 4159 992 4223 orationis
1048 4178 1126 4221 ex
1182 4165 1318 4223 tota
1375 4158 1655 4223 oratione
1711 4156 1995 4256 eligatur,
2066 4163 2236 4221 recte
2293 4156 2413 4221 hoc
2466 4147 2601 4221 loco
2664 4154 2987 4238 genetivus
3042 4175 3159 4239 pro

355 4313 364 4330 x
485 4279 768 4360 genetivo
823 4276 1124 4362 partitivo
1180 4276 1508 4342 habendus
1563 4285 1677 4342 est.
1739 4315 1816 4324 —-
1882 4275 2112 4340 Bacch.
2159 4282 2235 4341 29
2309 4273 2377 4353 ἐς
2435 4269 2994 4363 Ζῆνάναφέρειν
3046 4271 3160 4362 τὴν

487 4390 812 4484 ἁμαρτίαν
869 4394 1114 4478 λέχους.
1209 4395 1412 4482 Culpa
1479 4396 1746 4477 coniugii
1822 4395 2163 4490 opponitur
2216 4394 2335 4479 ipsi
2409 4394 2713 4475 coniugio.
2804 4391 2939 4457 Hoc
2994 4393 3160 4456 enim

613 4633 659 4705 1)
715 4633 780 4688 cf.
815 4633 1121 4702 Kriigerum
1154 4633 1188 4688 l.
1222 4650 1266 4687 c.
1301 4633 1344 4701 I,
1383 4635 1466 4698 50,
1513 4637 1587 4699 11,
1625 4635 1674 4688 3.
1821 4631 1870 4702 ²)
1931 4633 1997 4686 cf.
2034 4631 2342 4699 Krugerum
2368 4631 2404 4682 l.
2440 4645 2485 4682 c.
2519 4627 2563 4697 Ι,
2599 4629 2685 4697 50,
2732 4603 2813 4684 lO.

613 4739 660 4810 ⁸)
715 4739 749 4792 1.
786 4755 830 4792 c.
865 4737 934 4806 11,
975 4742 1020 4806 1,
1059 4754 1180 4807 pag.
1215 4739 1335 4793 533.
1820 4738 1869 4807 ι)
1927 4737 1962 4790 1.
1999 4752 2042 4790 c.
2077 4735 2120 4804 1,
2156 4737 2241 4802 47,
2278 4737 2329 4801 9,
2366 4735 2399 4790 9
2438 4717 2559 4802 sqq}
