3559 5184
1667 201 1747 260 42

373 462 410 532 ὁ
473 463 734 554 ἡγεμών
789 471 1072 553 στρατοῦ
1131 467 1301 532 idem
1343 469 1453 547 sit,
1509 467 1681 549 quod
1725 462 1760 532 ὁ
1810 441 2177 554 ἡγούμενος
2220 468 2526 553 στρατοῦ.
2578 505 2628 511 —-
2694 465 2877 530 Eum.
2923 469 3042 528 637

373 591 492 652 τοῦ
553 581 1007 671 στρατηλάτου
1061 590 1242 664 νεῶν,
1301 587 1473 668 quod
1530 586 1699 652 idem
1752 593 1851 651 081
1904 608 1978 651 ac
2032 590 2150 651 τοῦ
2206 585 2811 674 στρατηλατοῢντος
2866 585 3046 650 νεῶν.

374 705 657 770 Verbum
696 703 1156 790 στρατηλατέω
1200 705 1605 771 0011111110111111
1646 715 1743 770 081
1786 727 1930 770 cum
1972 706 2257 788 genetivo
2300 704 2453 768 Eur.
2492 703 2679 769 Rhes.
2718 707 2838 768 276
2888 698 3049 791 ἀνὴρ

377 823 500 911 γὰρ
547 818 746 912 ἀλκῆς
802 821 1042 909 μυρίας
1085 824 1549 910 στρατηλατῶν
1589 821 1829 906 στείχει
1872 832 1936 890 01
1976 823 2161 890 Herc.
2208 823 2327 888 fur.
2376 829 2447 888 61
2515 819 3052 909 στρατηλατήσας

378 941 595 1010 κλεινὰ
655 939 1014 1026 Καδμείων
1083 939 1304 1028 δορός.
1363 982 1442 990 -
1519 943 1714 1029 Soph.
1773 943 1928 1009 Oed.
1987 943 2139 1026 Reg.
2203 963 2258 1006 v.
2326 947 2481 1006 1043
2554 945 2677 1016 τοῦ
2730 937 3048 1028 τυράννου

377 1063 566 1150 τῆςδε
622 1066 736 1151 γῆς
789 1069 905 1146 pro
965 1067 1084 1127 τοῦ
1143 1067 1620 1148 τυραννοῦντος
1675 1063 1872 1148 τῆςδε
1933 1065 2067 1151 γῆς.
2164 1062 2509 1147 Τυραννέω
2565 1084 2709 1127 cum
2764 1063 3050 1144 genetivo

378 1182 694 1246 invenitur
737 1179 889 1244 Eur.
921 1179 1106 1245 Herc.
1139 1180 1259 1244 fur.
1307 1185 1386 1244 29
1431 1185 1828 1270 τυραννῆσαι
1869 1177 2141 1262 χθονός.
2180 1221 2257 1230 ——-
2305 1182 2631 1248 Postremo
2676 1179 2827 1253 Eur.
2860 1179 3051 1265 Hipp.

383 1305 500 1364 538
545 1299 660 1367 τὸν
701 1294 1018 1384 τύραννον
1063 1294 1338 1386 ἀνδρῶν.

607 1418 830 1482 Μ111118
886 1419 1027 1484 aliis
1077 1419 1237 1485 10018
1295 1441 1374 1484 ea
1412 1423 1665 1482 tantum
1705 1440 1775 1483 re
1819 1419 2103 1484 excusari
2144 1425 2357 1504 potest
2394 1418 2506 1484 illa
2549 1419 2818 1500 genetivi
2863 1417 3057 1484 collo-

383 1538 547 1601 catio
563 1587 579 1618 ,
635 1558 721 1618 qu
729 1537 811 1602 od
865 1537 993 1602 alia
1049 1538 1364 1602 attributa
1417 1538 1584 1602 111101
1636 1537 1977 1601 articulum
2019 1543 2085 1600 et
2127 1558 2357 1602 nomen
2395 1557 2619 1620 regens
2656 1513 3059 1602 intercedunt

384 1661 449 1718 et
502 1655 827 1736 genetivus
879 1657 1072 1721 etiam
1131 1656 1398 1722 articulo
1459 1677 1585 1721 non
1632 1657 1904 1740 repetito
1950 1655 2417 1722 substantivum
2458 1657 2634 1737 sequi
2688 1663 2932 1741 potest,
2988 1655 3058 1718 id

383 1773 558 1854 quod
627 1774 749 1837 iam
825 1775 1036 1860 priore
1103 1775 1504 1860 paragrapho
1576 1775 1817 1839 dictum
1869 1778 2017 1839 est.¹
2112 1773 2215 1838 Ex
2270 1774 2571 1859 exemplis
2623 1774 2783 1840 haec
2834 1773 3060 1838 afferre

383 1893 539 1956 satis
601 1892 880 1956 videtur:
946 1892 1169 1958 Aesch.
1215 1893 1424 1960 Prom.
1471 1900 1544 1958 91
1616 1892 1731 1958 τὸν
1801 1888 2150 1979 πανόπτην
2220 1889 2453 1960 κύκλον
2517 1889 2728 1982 ἡλίου.
2814 1911 2870 1956 ν.
2918 1896 3057 1955 123.

384 2011 557 2095 Sept.
606 2015 745 2074 725.
833 2011 949 2093 Ag.
998 2015 1138 2076 588.
1229 2013 1422 2098 Soph.
1469 2013 1567 2078 Ai.
1615 2017 1734 2076 616
1800 2011 1884 2077 τὰ
1946 2011 2106 2095 πρὶν
2164 2013 2219 2078 δ’
2265 2008 2421 2098 ἔργα
2474 2017 2695 2097 χεροῖν
2751 2008 3063 2097 μεγίστας

383 2123 644 2210 ἀρετᾶς.
727 2129 826 2193 El.
876 2135 1015 2194 160.
1121 2129 1346 2194 Trach.
1399 2135 1580 2196 1147.
1681 2130 1935 2213 Fragm.
1979 2136 2119 2210 497,
2183 2137 2236 2194 1.
2333 2129 2485 2194 Ε111.
2530 2129 2695 2194 Med.
2754 2135 2874 2193 645
2947 2128 3063 2194 τὸν

383 2242 761 2332 ἀμαχανίας
815 2243 1058 2330 ἔχουσα
1105 2247 1526 2337 δυσπέρατον
1586 2245 1766 2316 α’ίων’
1829 2244 2272 2334 οἶκτροτοὲτων
2328 2245 2557 2330 ἀχέων.
2644 2246 3061 2312 Troadem.

383 2366 618 2430 Phoen.
669 2371 851 2430 1058.
933 2366 1162 2432 Bacch.
1214 2373 1395 2432 1299.
1481 2367 1620 2454 Iph.
1681 2367 1869 2432 Taur.
1922 2373 2063 2432 905.
2119 2407 2199 2416 -—-
2259 2367 2381 2431 Vix
2450 2365 2906 2431 adnumerandi
2975 2367 3063 2428 vi-

386 2485 616 2550 dentur
659 2485 760 2550 his
814 2485 1116 2571 exemplis
1171 2487 1227 2551 ei
1283 2487 1436 2566 loci,
1489 2487 1721 2568 quibus
1764 2508 1914 2573 pars
1956 2493 2209 2551 tantum
2250 2487 2518 2568 genetivi
2560 2506 2687 2549 11011
2731 2485 3065 2553 intercedit

385 2589 562 2668 inter*
607 2604 948 2696 articulum
1005 2611 1070 2670 et
1111 2625 1340 2670 nomen
1381 2626 1631 2688 regens,
1687 2613 1761 2672 ut
1802 2606 2026 2672 Aesch.
2070 2605 2280 2670 Prom.
2330 2610 2449 2669 249
2495 2602 2569 2668 τὸ
2614 2608 2819 2670 ποῖον
2860 2600 3067 2688 εὑρών

387 2725 576 2813 τῆςδε
620 2720 975 2810 φάρμακον
1020 2720 1242 2790 νόσου.

617 2841 1013 2924 Singularem
1054 2842 1263 2908 locum
1306 2844 1596 2909 omnibus
1636 2843 1753 2923 his,
1822 2865 1985 2926 quae
2030 2843 2236 2920 attuli,
2280 2842 2583 2928 exemplis
2625 2841 2873 2919 addam,
2912 2839 3064 2904 Eur.

392 2960 560 3044 Cycl.
607 2967 726 3024 596
785 2958 1036 3046 πέτρας
1076 2960 1152 3028 τὸ
1198 2962 1370 3050 λῆμα
1432 2955 1855 3046 κᾶδάμαντος
1896 2961 2148 3046 ἕξομεν.
2233 2961 2395 3026 Puto
2438 2962 2603 3026 enim
2648 2960 2817 3024 hunc
2858 2958 3067 3024 locum

391 3079 698 3164 exemplis
729 3081 1184 3145 adiectivorum
1212 3081 1636 3166 praedicative
1667 3081 2124 3148 collocatorum
2153 3081 2649 3166 comparandum
2680 3101 2831 3144 esse.
2905 3077 3069 3142 Nam

392 3199 443 3263 si
506 3219 642 3262 rem
695 3205 988 3264 accurate
1046 3199 1484 3279 deliberamus
1544 3200 1648 3265 hic
1704 3207 1803 3265 est
1858 3221 2077 3264 sensus
2130 3199 2283 3264 loci:
2348 3197 2424 3264 τὸ
2486 3198 2658 3286 λῆμα
2699 3194 2934 3281 ἕξομεν
2978 3191 3070 3272 ὡς

394 3317 567 3404 λῆμα
604 3314 854 3403 πέτρας
883 3318 994 3384 καὶ
1032 3313 1446 3402 ἅδιίμαντοςε
1491 3319 1866 3384 habebimus
1906 3325 2058 3398 (non
2091 3323 2367 3384 mentem
2395 3318 2573 3402 rupis
2602 3323 2666 3381 et
2695 3315 3069 3392 adamantis,

393 3435 544 3515 sed)
590 3443 894 3515 mentem,
960 3438 1215 3518 qualem
1257 3461 1447 3524 rupes
1492 3445 1555 3503 et
1595 3437 1855 3504 adamas
1898 3437 2156 3504 habent.
2245 3435 2582 3522 Euripides
2623 3436 2819 3517 igitur
2864 3434 3071 3498 dicere

391 3561 647 3640 poterat
701 3556 923 3620 etiam:
1006 3554 1315 3643 πέτρινον
1367 3557 1444 3623 τὸ
1521 3557 1699 3643 λῆμα
1743 3552 2230 3640 κάδαμάντινον
2287 3553 2537 3640 ἕξομεν,
2606 3561 2679 3618 111
2729 3553 2834 3617 hic
2888 3551 3066 3616 locus

394 3673 750 3738 simillimus
805 3675 889 3739 sit
947 3675 1255 3741 eiusmodi
1313 3675 1649 3761 exemplis:
1719 3674 1842 3754 τὰς
1885 3673 2133 3763 φρένας
2188 3671 2394 3751 καλὰς
2451 3668 2639 3754 ἔχειν,
2702 3671 2783 3736 (10
2835 3670 3066 3753 quibus

395 3813 590 3876 supra
633 3771 788 3856 satis
831 3793 1072 3858 dictum
1111 3799 1264 3858 est.²

623 3910 697 3974 In
741 3911 840 3975 his
881 3913 1076 3996 igitur
1121 3914 1441 3992 omnibus,
1497 3933 1658 3995 quos
1701 3911 1919 3991 attuli,
1976 3911 2132 3976 10018
2175 3931 2428 3975 causam
2470 3908 2751 3990 aliquam
2792 3907 3067 3971 invenire

397 4048 749 4112 possumus,
794 4050 904 4094 cur
949 4035 1176 4117 poeitae
1209 4031 1292 4098 ab
1326 4033 1565 4096 usitata
1593 4031 1863 4118 genetivi
1898 4029 2312 4096 collocatione
2340 4021 2728 4093 recesserint.
2803 4026 3069 4091 Restant

396 4167 543 4212 vero
587 4169 716 4214 11011
759 4150 943 4234 pauci
989 4152 1139 4230 loci,
1201 4151 1432 4233 quibus
1472 4150 1785 4214 fateamur
1829 4170 2079 4216 11000880
2121 4155 2217 4213 081
2259 4147 2437 4211 illam
2482 4144 2817 4209 verborum
2874 4143 3069 4208 collo-

402 4265 712 4330 cationem
758 4287 891 4331 esse
932 4267 1252 4333 licentiam
1294 4270 1627 4354 poeticam,
1670 4291 1833 4350 quae
1876 4270 2123 4346 dicitur,
2180 4287 2443 4348 eamque
2484 4287 2523 4329 a
2565 4265 2772 4349 poetis
2815 4263 3071 4344 tragicis

399 4405 612 4468 saepe,
671 4383 780 4448 ubi
839 4386 936 4450 vel
991 4395 1263 4452 metrum
1322 4388 1676 4473 postularet
1726 4387 1821 4452 vel
1878 4388 1968 4451 eis
2013 4387 2212 4451 visum
2255 4392 2446 4464 08801,
2510 4390 2880 4468 usurpatam
2922 4403 3069 4448 0880.

403 4503 612 4582 Atque
655 4501 1000 4587 Aeschylus
1054 4507 1310 4587 quidem
1365 4514 1431 4571 et
1479 4505 1825 4592 Sophocles
1864 4507 2115 4591 saepius
2154 4505 2275 4569 hac
2312 4503 2724 4570 collocat-ione
2766 4502 2862 4565 usi
2906 4507 3070 4579 811111,

443 4661 450 4666 .
464 4662 822 4670 --—————-—-—

539 4757 580 4824 ¹)
635 4758 701 4810 cf.
741 4775 904 4830 supra
939 4773 1062 4830 pag.
1100 4762 1182 4816 38.
1519 4762 1567 4834 ²)
1622 4759 1744 4813 vide
1786 4774 1907 4831 pag.
1944 4761 2001 4814 31
2047 4775 2156 4825 sqq.
