3559 5184
1804 159 1876 229 13

507 429 643 501 arte
689 423 1080 514 cohaereant,
1141 452 1332 517 quam
1372 437 1423 500 si
1467 437 1533 499 in
1575 457 1700 501 uno
1743 455 1928 500 versu
1969 438 2179 518 posita
2223 439 2450 500 essent.
2540 433 2765 515 Itaque
2809 430 3189 516 Aeschylum

509 555 881 638 Sophoclem
921 554 1302 636 Euripidem,
1361 555 1472 618 ubi
1513 556 2009 638 praepositiones
2050 556 2116 618 in
2158 555 2263 632 eis,
2322 573 2481 635 quos
2526 552 2672 630 dixi,
2701 532 2883 616 'locis
2926 553 3190 617 colloca-

507 681 747 751 verunt,
793 672 1224 754 diligentiores
1265 673 1456 738 fuisse
1499 674 1803 738 videmus.

736 793 946 874 Atque
989 794 1056 856 in
1096 793 1340 856 initio
1382 793 1638 874 quidem
1675 813 1969 857 versuum
2012 792 2113 857 his
2157 791 2285 856 fere
2329 792 2482 856 locis
2526 789 2829 855 collocata
2871 797 2967 854 est
3009 811 3215 872 prae-2
3270 820 3285 826 ··

509 912 755 993 positio.
844 911 1067 975 Aesch.
1111 911 1292 975 Eum.
1347 918 1460 974 194
1509 905 1586 976 οὗ
1629 909 2045 999 χρηστηρίοις
2090 911 2097 996 Ι
2144 909 2215 976 ἐν
2268 912 2486 988 τοῖςδε
2545 905 2904 996 πλησίοισι.
3000 908 3191 990 Soph.

505 1030 654 1120 Ant.
704 1033 817 1092 170
862 1027 1022 1112 μίαν
1069 1031 1075 1114 Ι
1125 1031 1278 1096 καθ’
1323 1027 1590 1118 ἡμέραν.
1684 1030 1838 1095 Oed.
1886 1029 2017 1094 Col.
2056 1035 2197 1093 263.
2272 1028 2496 1093 Trach.
2547 1033 2687 1091 270.
2774 1027 2926 1090 Eur.
2960 1025 3189 1091 Troad.

517 1153 673 1211 1002
729 1153 850 1213 σοῦ
909 1148 916 1233 Ι
977 1149 1116 1213 κατ’
1166 1144 1360 1229 ἴχνος.
1446 1148 1679 1214 Phoen.
1733 1155 1871 1211 194.
1969 1147 2189 1231 Suppl.
2244 1153 2422 1210 1191.
2512 1145 2759 1210 Heracl.
2820 1152 2961 1210 303.
3051 1145 3191 1210 Hel.

512 1271 654 1329 982.
740 1265 812 1330 In
869 1267 1158 1332 omnibus
1213 1268 1408 1349 igitur
1449 1267 1550 1332 his
1592 1266 1744 1331 locis
1788 1267 1982 1331 verba
2022 1287 2151 1330 non
2193 1259 2568 1348 interposita
2622 1272 2771 1329 sunt
2787 1316 2801 1341 ,
2864 1285 2941 1328 ne
2998 1265 3195 1328 inter-

517 1385 767 1462 vallum,
813 1385 983 1466 quod
1029 1385 1298 1450 efficitur
1338 1387 1463 1450 fine
1505 1406 1817 1464 versuum,
1861 1385 2067 1450 maius
2108 1385 2240 1449 fiat.

741 1501 1003 1585 Saepius
1017 1555 1030 1582 ,
1087 1507 1459 1587 praesertim
1501 1505 1673 1588 apud
1709 1504 2081 1587 Sophoclem
2097 1556 2111 1582 ,
2169 1504 2519 1569 invenimus
2564 1503 3091 1586 praepositionem
3130 1502 3195 1564 in

513 1620 565 1683 fi
583 1642 674 1685 ne
717 1643 1010 1687 versuum
1049 1625 1337 1705 positam,
1377 1626 1553 1688 cuius
1592 1623 2016 1688 collocationis
2058 1623 2216 1687 haec
2257 1623 2385 1688 fere
2416 1622 2703 1704 exempla
2730 1628 2897 1685 sunt.
2972 1620 3194 1685 Aesch.

513 1738 684 1803 Pers.
730 1746 851 1804 460
898 1741 1158 1830 τοξικῆς
1197 1743 1251 1807 τ’
1298 1737 1436 1807 ἀπὸ
1487 1743 1494 1827 Ι
1543 1739 1905 1829 θώμιγγος.
1989 1743 2104 1824 Ag.
2158 1746 2312 1806 1037
2360 1742 2627 1807 πολλῶν
2666 1739 2835 1823 μετὰ
2873 1739 2879 1824 Ι
2920 1735 3196 1804 δούλων.

523 1856 714 1940 Soph.
747 1860 844 1923 Αἰ.
880 1865 998 1923 720
1047 1857 1332 1926 Μυσίων
1371 1855 1510 1926 ἀπὸ
1563 1861 1569 1946 Ι
1618 1866 1932 1947 κρημνῶν,
1978 1861 2062 1925 ib.
2105 1867 2250 1925 1311
2307 1865 2421 1948 τῆς
2461 1865 2578 1948 σῆς
2619 1853 2789 1942 ὑπὲρ
2826 1859 2833 1940 Ι
2876 1854 3196 1944 γυναικός.

523 1975 676 2040 Oed.
721 1976 849 2044 Col.
901 1983 1024 2042 312
1072 1976 1409 2057 Ali-vadas
1464 1979 1578 2045 ἐπὶ
1637 1981 1643 2064 Ι
1707 1976 1973 2058 πώλου,
2049 1979 2133 2043 ib.
2183 1983 2331 2065 737,
2359 1973 2615 2064 ἀνδρῶν
2671 1974 2807 2042 ὑπὸ
2856 1978 2864 2062 Ι
2910 1973 3195 2056 πάντων,

521 2092 744 2158 Trach.
795 2101 914 2159 539
961 2103 1122 2181 μιᾶς
1165 2093 1301 2163 ὑπὸ
1345 2098 1353 2183 Ι
1393 2096 1678 2186 χλαίνης.
1759 2100 1963 2164 Locus
2000 2119 2147 2162 vero
2186 2098 2335 2161 Ant.
2378 2103 2493 2160 189
2536 2091 2775 2182 ταύτης
2818 2093 2933 2162 ἔπι
2979 2097 2986 2181 Ι
3036 2093 3200 2161 πλέ-

523 2237 703 2292 οντες
759 2207 1000 2302 ὀρθῆς,
1063 2216 1144 2279 ad
1204 2215 1360 2280 haec
1415 2218 1704 2300 exempla
1761 2239 1886 2283 non
1944 2218 2248 2300 pertinet,
2307 2237 2446 2280 cum
2510 2210 2721 2304 ὀρθῆς
2760 2216 3199 2298 praedicative,

521 2333 690 2412 quod
732 2335 1107 2412 nominatur,
1151 2334 1392 2398 dictum
1433 2337 1534 2400 sit.
1609 2335 1853 2400 Deinde
1896 2336 2048 2399 Eur.
2080 2335 2213 2398 Alc.
2248 2341 2325 2396 66
2366 2329 2771 2420 Εὐρυσθέως
2808 2332 3203 2419 πέμψαντος

518 2448 794 2517 ἵππειον
847 2451 1016 2534 μετὰ
1064 2454 1070 2538 Ι
1119 2447 1384 2540 ὄχημα.ί
1482 2455 1677 2519 Andr.
1733 2462 1850 2519 149
1904 2453 2185 2542 Πηλέως
2227 2448 2367 2519 ἀπὸ
2415 2454 2421 2536 Ι
2471 2449 2711 2536 δόμων,
2754 2453 2840 2516 ib.
2888 2458 3007 2516 887
3052 2452 3201 2538 ξυγ-

521 2575 748 2656 γενοῦς
793 2576 1043 2654 μαθεῖν
1087 2572 1241 2658 περὶ
1290 2573 1296 2658 Ι
1342 2569 1670 2659 γυναικός.
1756 2573 1855 2637 Ε1.
1891 2579 1925 2637 6
1972 2568 2249 2660 ’ὑψηλῶν
2294 2573 2351 2638 δ’
2398 2571 2513 2638 ἐπὶ
2562 2573 2567 2658 Ι
2616 2577 2807 2636 ναῶν.
2883 2570 3022 2653 Iph.
3055 2571 3199 2634 Aul.

525 2694 648 2752 420
693 2683 962 2772 εἷῖρυτον
1007 2690 1193 2776 παρὰ
1241 2691 1250 2776 Ι
1297 2688 1552 2778 κρήνην.
1637 2692 1860 2774 fragm.
1912 2697 2051 2771 623,
2102 2701 2119 2755 1
2176 2691 2345 2770 Διὸς
2402 2689 2545 2756 αἵτε
2600 2689 2788 2777 παρὰ
2833 2691 2841 2776 Ι
2892 2686 3197 2775 θρόνον.“·’

520 2807 819 2872 Videmus
862 2810 1058 2890 igitur
1090 2809 1472 2892 Sophoclem·
1506 2832 1622 2893 pro
1652 2833 1913 2876 numero
1944 2811 2306 2876 fabularum
2348 2809 2535 2892 plura
2572 2809 2861 2892 exempla
2898 2809 3202 2892 praebere

519 2948 712 3007 quam
755 2928 1136 3012 Aeschylum
1181 2937 1246 2994 et
1288 2929 1683 3011 Euripidem,
1743 2931 1916 3011 quod
1974 2951 2099 2994 non
2156 2938 2255 2995 est
2306 2951 2417 2994 cur
2459 2931 2774 3007 miremur,
2830 2915 2973 2992 cum
3013 2930 3205 2992 etiam

519 3046 659 3110 aliis
699 3047 764 3108 in
806 3046 997 3111 rebus
1017 3053 1020 3058 '
1039 3049 1274 3112 maiore
1317 3039 1612 3138 libertate
1653 3047 1719 3111 in
1764 3069 2058 3113 versuum
2102 3048 2229 3113 fine
2272 3049 2603 3114 tractando
2644 3069 2798 3112 usus
2842 3049 2943 3112 sit.
3004 3045 3204 3129 Saepe

519 3165 686 3228 enim
729 3167 942 3246 posuit
987 3165 1191 3244 verba,
1235 3187 1399 3247 quae
1439 3174 1607 3231 certe
1651 3167 1991 3231 cohaerent
2034 3189 2176 3231 cum
2218 3167 2441 3246 verbis,
2485 3189 2649 3249 quae
2691 3173 3060 3248 sequuntur,
3110 3164 3203 3230 vel

520 3306 634 3366 per
689 3305 755 3348 se
797 3291 967 3348 stare
1009 3305 1134 3348 non
1195 3292 1486 3367 possunt,
1546 3287 1609 3349 in
1655 3285 1779 3350 fine
1824 3287 2287 3364 trimetrorum,
2344 3286 2439 3350 ita
2481 3293 2555 3349 ut
2612 3293 2757 3368 post
2812 3285 2969 3349 haec
3010 3283 3205 3350 verba

519 3425 720 3486 pausa
760 3404 826 3466 in
871 3404 1194 3467 recitando
1238 3403 1437 3468 fieret.
1531 3405 1718 3482 Quod
1755 3406 1974 3487 paucis
2016 3404 2120 3468 hic
2162 3403 2595 3469 demonstrare
2638 3403 2793 3467 mihi
2838 3403 3043 3468 liceat.

703 3603 707 3607 q
747 3522 1032 3598 Quatuor
1088 3521 1242 3587 locis
1309 3524 1753 3588 articulum
1820 3525 1887 3587 in
1945 3522 2070 3588 fine
2124 3543 2418 3604 versuum
2476 3523 2823 3587 invenimus
2883 3521 3031 3587 Ant.
3079 3525 3201 3588 409

520 3637 632 3703 τὸν
693 3639 700 3722 Ι
759 3637 965 3706 νέκυν.
1054 3641 1206 3706 Oed.
1255 3642 1386 3707 Col.
1445 3650 1564 3708 351
1626 3645 1742 3730 τῆς
1788 3643 1795 3726 Ι
1844 3637 2019 3707 οἴκοι
2075 3638 2350 3730 διαίτης.
2437 3641 2534 3707 Ε1.
2582 3645 2703 3706 879
2762 3639 2931 3708 κάπὶ
2990 3648 3133 3720 τοῖς
3190 3640 3197 3728 Ι

521 3763 762 3846 σαυτῆς
802 3764 1081 3825 κακοῖσι.
1170 3760 1332 3824 Phil.
1380 3766 1502 3826 263
1549 3757 1612 3827 οἳ
1661 3762 1668 3846 Ι
1716 3761 1937 3827 δισσοὶ
1982 3757 2390 3849 στρατηγοί.3
2483 3759 2672 3843 Apud
2716 3760 3095 3844 Aeschylum
3135 3767 3201 3826 et

519 3876 888 3960 Euripidem
915 3879 1158 3942 nullum
1189 3879 1545 3946 huiusmodi
1579 3880 1937 3963 exemplum
1965 3881 2297 3944 invenitur.
2330 3917 2411 3928 --
2449 3879 2692 3944 Deinde
2736 3879 3037 3944 elision
3056 3899 3199 3946 em,

523 4017 651 4077 qua
689 4017 758 4061 re
799 3999 1062 4061 verbum
1103 3997 1424 4080 quoddam
1465 4006 1604 4063 arte
1647 4000 2051 4080 coniungitur
2094 4020 2237 4062 cum
2280 4020 2354 4064 eo
2394 3999 2566 4081 quod
2608 3999 2914 4080 sequitur,
2962 3997 3204 4083 Sopho-

526 4115 651 4180 cles
705 4118 952 4198 saepius
1007 4118 1072 4180 in
1126 4117 1250 4181 fine
1304 4139 1598 4182 versuum
1653 4115 1928 4182 admisit.
2017 4117 2328 4201 Exempla
2382 4116 2739 4182 Nauckius⁴
2794 4117 3201 4184 enumeravit.

661 4337 704 4404 ι)
757 4326 1098 4404 Hartungius
1146 4337 1216 4390 ad
1253 4337 1452 4392 Phoen.
1487 4353 1532 4390 v.
1577 4339 1671 4392 196
1673 4339 1706 4391 3
1745 4337 1897 4403 (suae
1942 4335 2295 4410 editionis)e
2280 4331 2415 4391 ηετά
2456 4353 2553 4406 per
2588 4333 2789 4391 tmesin
2842 4334 3052 4392 dictum
3087 4351 3203 4394 esse

529 4426 708 4489 putat,
747 4423 840 4476 sed
876 4423 1174 4504 simplicius
1205 4439 1284 4489 e0,
1320 4439 1424 4490 quo
1460 4422 1593 4489 dixi,
1629 4423 1787 4474 modo
1824 4423 1999 4476 locum
2040 4424 2312 4492 explicare
2345 4438 2640 4492 possumus.

656 4529 704 4596 ²)
758 4527 839 4580 De
872 4527 1005 4580 locis
1043 4527 1202 4594 Soph
1239 4525 1369 4580 Oed.
1406 4525 1537 4593 Reg.
1575 4526 1679 4581 455
1713 4530 1770 4580 et
1808 4526 1937 4579 Eur.
1973 4527 2085 4580 Ion.
2120 4530 2225 4583 262
2260 4529 2382 4582 vide
2412 4543 2577 4596 supra
2611 4539 2733 4595 pag.
2776 4485 2856 4584 12.

662 4631 745 4699 ³)
763 4629 886 4684 vide
921 4630 1158 4684 Nauckii
1191 4621 1577 4684 annotationes
1613 4629 1683 4683 ad
1719 4628 1817 4682 hos
1856 4631 2012 4684 locos,

661 4736 707 4806 ⁴)
763 4735 835 4787 ad
872 4733 1002 4788 Oed.
1036 4734 1146 4788 Col.
1183 4751 1228 4787 v.
1265 4736 1349 4791 29.
