3559 5184
1835 183 1869 241 5

516 453 705 530 quam
764 448 842 512 de
885 469 960 513 ea
999 470 1068 512 re
1109 449 1266 513 certi
1321 448 1482 512 nihil
1527 449 1756 513 scimus
1809 450 1875 512 in
1900 481 1904 486 ·
1932 449 2315 531 anapaestis)
2346 455 2439 514 ‘et
2487 454 2815 530 praeterea
2856 450 3197 532 opponitur

514 566 705 631 verbe
767 571 912 644 σοῖς
969 567 1078 650 (sc.
1125 567 1360 651 Aiacis)
1422 567 1489 630 in
1531 588 1718 631 versu
1768 573 1885 632 153
1904 618 1917 645 ,
1979 575 2051 631 ut
2088 568 2362 632 maxima
2401 568 2597 632 tetius
2636 569 2949 634 enuntiati
2990 569 3085 634 vis
3129 570 3195 632 in

514 685 634 749 hoc
691 685 830 767 ipso
872 685 1061 750 verbo
1118 687 1323 768 posita
1380 687 1493 764 sit,
1553 686 1724 766 quod
1782 687 1975 750 etiam
2028 707 2105 750 ex
2162 707 2345 750 versu
2402 687 2511 767 qui
2566 687 2855 767 sequitur
2890 694 3193 770 apparet.

512 803 736 884 Itaque
779 810 844 868 et
883 804 938 868 is
983 805 1094 885 qui
1136 805 1363 868 recitat
1407 811 1471 868 et
1513 805 1570 868 ei
1615 805 1725 885 qui
1767 805 2039 870 audiunt
2080 825 2193 886 per
2237 804 2429 870 verba
2471 803 2633 868 levia
2679 805 2733 870 δ’
2768 797 2848 870 ἄν
2889 821 2991 883 τις
3030 812 3195 870 tam-

513 944 705 1004 quam
757 921 1058 988 festinant
1113 922 1198 988 ad
1241 922 1502 987 verbum
1557 922 1739 1007 ἕμοῦ,
1804 923 1975 1004 quod
2016 924 2295 988 maxima
2335 924 2397 986 vi
2440 923 2919 1005 pronuntiatum
2962 931 3193 1005 putan-

513 1042 665 1105 dum
710 1049 824 1106 est.

741 1159 932 1223 Euri
952 1160 1084 1242 pid
1102 1181 1135 1224 e
1152 1181 1182 1224 s
1237 1181 1383 1224 vero
1442 1181 1600 1241 quas
1656 1159 2001 1242 particulas
2042 1161 2206 1224 inter
2252 1160 2745 1241 praepositiones
2790 1167 2854 1224 et
2897 1159 3191 1224 substan·-

510 1279 642 1342 tiva
683 1279 1141 1360 interposuerit,
1198 1280 1251 1343 si
1311 1279 1700 1366 quaerimus,
1759 1277 2131 1360 plerumque
2185 1279 2537 1343 invenimus
2592 1276 2668 1344 δέ
2708 1285 2773 1342 et
2824 1277 2927 1354 τέ,
2985 1279 3191 1342 rarius

511 1393 666 1482 γάρ,
726 1395 816 1482 γέ.
875 1395 1013 1479 μέν,
1076 1395 1202 1474 τοί,
1269 1417 1394 1461 uno
1450 1396 1584 1461 loce
1651 1395 1830 1479 (Iph.
1875 1397 2019 1460 Aul.
2068 1398 2229 1481 882)
2274 1388 2450 1480 ὅρα,
2507 1395 2618 1461 sed
2676 1397 2824 1462 eliso
2880 1396 3081 1461 altere
3124 1422 3188 1461 α.

508 1515 682 1579 Duas
725 1515 1070 1598 particulas
1111 1517 1318 1580 rarius
1361 1515 1531 1597 apud
1575 1513 1943 1597 Euripidem
1994 1516 2400 1597 interpositas
2442 1515 2819 1591 i11venimuS‚
2876 1515 2929 1580 si
2972 1536 3190 1579 nume-

507 1656 650 1698 rum
696 1634 1056 1699 fabularum
1092 1635 1474 1716 respicimus
1520 1653 1712 1714 quam
1753 1633 1926 1714 apud
1970 1633 2363 1716 Sophoclem.
2436 1632 2649 1698 Etiam
2690 1632 3023 1716 Euripides
3064 1655 3190 1698 non

507 1761 741 1818 temere
766 1753 944 1841 'duas
987 1752 1328 1835 particulas
1369 1753 1706 1830 interiecit,
1766 1752 1877 1816 sed
1929 1753 2037 1830 ita,
2081 1759 2155 1815 ut
2198 1751 2489 1818 omnibus
2532 1751 2684 1816 locis
2726 1753 3189 1818 excusationem

508 1871 742 1937 habeat
783 1871 896 1936 illa
938 1872 1277 1950 collocatio,
1321 1892 1463 1936 cum
1505 1871 2043 1962 praepositionum
2080 1871 2283 1935 maier
2312 1872 2403 1934 vis
2446 1871 2531 1936 sit
2572 1871 2638 1933 in
2682 1871 2861 1934 initio
2894 1883 3189 1934 versuum

511 1991 605 2056 vel
649 1991 1147 2056 enuntiationum
1195 1998 1259 2056 et
1300 1993 1366 2053 in
1411 1991 1538 2053 arsi
1581 1989 2029 2054 collocatarum
2071 1988 2735 2069 substantivorumque
2777 1990 2841 2052 in
2880 1989 3006 2054 fine
3049 2011 3189 2054 ver-

509 2131 694 2174 suum
735 2109 835 2174 vel
878 2110 1380 2173 enuntiationum
1419 2109 1797 2190 positorum,
1854 2128 1983 2189 qua
2020 2129 2089 2172 re
2132 2107 2232 2184 fit,
2276 2114 2352 2171 ut
2389 2107 2739 2190 particulae
2778 2108 3189 2190 interpositae

509 2230 708 2310 magis
735 2229 1035 2292 amittant
1064 2229 1208 2306 vim,
1252 2228 1621 2310 praesertim
1653 2247 1795 2290 cum
1826 2225 2253 2308 compluribus
2296 2226 2448 2290 locis
2488 2224 2693 2290 altera
2736 2226 3191 2307 particularum

509 2347 798 2411 enclitica
839 2347 938 2410 vel
980 2346 1298 2411 elisionem
1353 2367 1542 2428 passa
1585 2346 1686 2410 sit.
1775 2345 1939 2410 Sunt
1980 2352 2194 2418 autem
2237 2344 2354 2408 loci
2400 2343 2502 2407 hi:
2560 2343 2787 2408 Tread.
2840 2348 2957 2408 770
3005 2341 3075 2410 ἔκ
3118 2369 3190 2410 τε

511 2462 632 2551 γὰρ
676 2469 857 2530 θεῶν
905 2465 912 2550 l
961 2461 1434 2547 διολλύμεσθα.
1523 2469 1644 2528 993
1691 2461 1757 2530 ἐν
1801 2462 1925 2546 μὲν
1966 2462 2089 2550 γὰρ
2119 2456 2367 2548 Ἄργει.
2447 2462 2666 2545 Suppl.
2715 2468 2791 2526 95
2838 2458 2913 2528 ἐὸι·
2950 2485 3021 2528 τε
3064 2459 3190 2549 γὰρ

511 2580 879 2669 γερασμίων
926 2586 932 2667 l
983 2576 1217 2648 ἷίσσων.
1308 2588 1428 2645 553
1487 2579 1659 2670 πρός
1712 2606 1785 2646 τε
1830 2582 1953 2668 γὰρ
1995 2587 2113 2648 τοῦ
2163 2583 2539 2662 δυστυχοῦς.
2624 2579 2756 2646 Ιοῐι.
2811 2585 2967 2645 1173
3006 2577 3077 2646 ἔκ
3120 2604 3192 2649 τε

512 2701 638 2787 γὰρ
683 2706 1015 2788 κρωσσῶν.
1104 2701 1243 2766 Hel.
1296 2707 1455 2764 1650
1515 2699 1582 2779 ἐς
1636 2700 1758 2784 μὲν
1817 2699 1939 2787 γὰρ
2001 2695 2127 2766 ἀεί.
2211 2700 2309 2764 El.
2356 2705 2433 2762 29
2494 2698 2563 2777 ἐς
2614 2697 2735 2781 μὲν
2778 2697 2901 2784 γὰρ
2960 2692 3191 2780 ἄνδρα.

511 2818 648 2902 Iph.
697 2818 883 2884 Taur.
933 2825 1050 2883 578
1117 2819 1184 2898 ἐς
1241 2819 1364 2905 γὰρ
1427 2815 1507 2908 δή
1549 2820 1664 2884 τιν’
1711 2815 1953 2905 ἥκομεν
1996 2816 2211 2906 λόγον.
2302 2815 2553 2900 Fragm.
2602 2822 2741 2894 2:20,
2788 2822 2823 2883 2
2870 2813 2967 2896 εἴς
3008 2813 3061 2882 τ’
3109 2809 3191 2884 αὖ

515 2935 832 3020 πόλεμον.

740 3056 1206 3138 Nonnunquam
1261 3057 1454 3123 etiam
1511 3056 1638 3120 alia
1692 3054 1886 3120 verba
1940 3053 2275 3137 Euripides
2346 3057 2513 3122 inter
2574 3053 3071 3137 praepositiones
3130 3060 3195 3118 et

516 3176 912 3240 substantiva
981 3176 1361 3258 interposuit
1374 3225 1387 3252 ‚
1461 3195 1624 3255 quae
1696 3195 1837 3238 eum
1898 3149 2308 3240 substantivis
2366 3174 2679 3240 artissime
2723 3171 3069 3238 'cohaerere
3131 3178 3197 3235 et

516 3315 713 3376 paene
764 3295 829 3356 in
886 3315 1078 3357 unam
1122 3313 1332 3358 vocem
1375 3293 1752 3358 cealescere¹
1805 3290 2013 3356 vellet.
2100 3291 2201 3356 Ita
2240 3291 2589 3376 particulae
2633 3291 2959 3373 negativae
3006 3285 3083 3356 οὗ
3130 3297 3196 3354 et

515 3409 605 3502 μή
657 3414 824 3477 inter
879 3413 1372 3495 praepositiones
1431 3418 1496 3476 et
1546 3411 1943 3476 substantiva
2000 3410 2337 3476 collocatae
2382 3416 2531 3474 sunt
2572 3411 2768 3474 Andr.
2818 3413 2929 3472 21²1
2988 3408 3197 3474 πλου-

516 3536 650 3609 τεῖς
693 3531 749 3596 δ’
793 3529 862 3596 ἐν
903 3525 980 3596 οὗ
1027 3531 1410 3607 πλουτοῦσι,
1456 3531 1563 3596 ubi
1611 3551 1690 3594 ne
1733 3529 1943 3612 potuit
1984 3528 2241 3609 quidem
2284 3528 2491 3592 dicere
2530 3527 2900 3610 Euripides:
2988 3526 3197 3592 πλου-

515 3654 649 3727 τεῖς
695 3651 749 3715 δ’
785 3645 904 3714 οὐκ
949 3648 1016 3715 ἐν
1059 3651 1440 3727 πλουτοῦσι,
1503 3649 1676 3729 quod
1717 3649 1910 3714 aliam
1956 3648 2335 3712 sententiam
2364 3640 2694 3710 efficiebat.
2766 3645 2874 3710 Or.
2909 3651 2988 3709 30
3026 3643 3201 3732 πρὸς

519 3764 635 3851 οὗχ
695 3767 999 3845 ἅπαντας
1042 3761 1337 3832 εὔκλειαν
1381 3766 1606 3855 φέρον.
1695 3766 1779 3830 ib.
1829 3770 1948 3830 579
1995 3764 2064 3831 ἐν
2108 3760 2184 3830 οὗ
2232 3766 2409 3851 καλῷ
2452 3763 2575 3848 μὲν
2618 3759 2950 3852 ἐμνήσθην
2991 3768 3195 3830 θεῶν.

517 3887 637 3952 Hel
683 3893 804 3951 433
865 3886 936 3952 ἐκ
997 3885 1072 3952 δὲ
1125 3886 1213 3975 μὴ
1259 3881 1523 3968 ’χόντων
1572 3883 1740 3969 βίον,
1799 3884 1912 3952 ubi
1952 3883 2137 3950 aliter
2179 3884 2387 3948 dicere
2428 3903 2554 3948 non
2596 3883 2805 3966 potuit
2848 3881 3200 3964 EuripideS,

517 4015 600 4084 et,
645 4027 789 4070 cum
835 4006 1029 4070 verba
1069 4004 1158 4092 μὴ
1204 4002 1481 4086 ἐχόντων
1523 4025 1716 4068 unam
1759 4003 2081 4068 notionem
2122 4001 2412 4079 efficiant,
2456 4001 2613 4066 satis
2658 4008 2996 4065 excusatur
3038 4001 3197 4066 haec

519 4125 867 4190 collocatio.
954 4123 1278 4188 Postremo
1321 4122 1549 4188 Bacch.
1601 4127 1758 4186 1:288
1812 4117 1903 4199 ὡς
1946 4121 2015 4188 ἐν
2059 4117 2135 4186 οὗ
2182 4123 2391 4205 καιρῷ
2435 4113 2658 4204 πάρει.
2732 4119 2965 4184 Utrum
3008 4119 3196 4184 Euri-

517 4243 710 4326 pides‚
769 4244 820 4308 si
865 4263 978 4325 per
1020 4249 1296 4306 metrum
1335 4242 1630 4320 licuisset,
1688 4235 1805 4306 οὐκ
1850 4239 1918 4306 ἐν
1961 4243 2167 4325 καιρῷ
2210 4240 2582 4322 scripsisset,
2642 4238 2812 4318 quod
2858 4237 3195 4306 Elmsleius

515 4362 599 4428 ad
653 4361 824 4426 hune
878 4361 1084 4426 lecum
1127 4368 1393 4426 annotat
1409 4412 1423 4439 ‚
1485 4381 1567 4426 an
1610 4381 1733 4424 non
1781 4360 2161 4441 scripsisset,
2218 4353 2387 4423 certe
2430 4357 2760 4422 diiudicari
2803 4378 2928 4421 non
2971 4364 3196 4439 potest,

519 4503 661 4545 eum
719 4481 910 4544 etiam
970 4479 1113 4544 aliis
1163 4480 1314 4544 locis
1331 4530 1346 4558 ,
1405 4501 1564 4560 quos
1624 4477 1839 4557 attuli,
1896 4483 2171 4542 metrum
2214 4476 2684 4541 collocationem
2724 4477 3027 4542 usitatam
3070 4498 3191 4540 nen

647 4735 688 4799 ι)
741 4732 808 4784 cf.
845 4732 1094 4786 Elmsleii
1131 4731 1546 4788 annotationem
1584 4731 1654 4784 ad
1691 4731 1822 4785 Eur.
1860 4731 2055 4784 Bacch.
2091 4748 2137 4783 v.
2182 4731 2327 4784 1288.
