3559 5184
509 1525 750 1648 Verba
797 1584 954 1651 mihi
1007 1583 1250 1648 facturo
1308 1583 1388 1647 de
1449 1585 1853 1650 collocatione
1910 1583 2245 1648 verborum
2299 1585 2364 1648 in
2420 1585 2747 1666 tragoedia
2802 1583 3043 1648 Graeca
3098 1605 3179 1649 ne

511 1723 667 1789 opus
709 1704 794 1767 sit
833 1703 1256 1780 excusatione,
1313 1723 1439 1766 non
1486 1723 1717 1781 vereor,
1773 1725 1919 1768 cum
1958 1709 2201 1784 quanta
2242 1703 2327 1767 sit
2369 1703 2429 1766 vi
2473 1703 2797 1768 collocatio
2840 1703 2925 1767 ad
2977 1704 3182 1785 gravi·-

509 1827 708 1886 tatem
749 1822 1050 1886 orationis
1081 1821 1433 1903 augendam
1465 1822 2017 1902 exornandamque
2050 1843 2187 1886 eam
2221 1828 2284 1885 et
2326 1821 2411 1887 ad
2442 1822 2922 1888 commovendos
2950 1840 3181 1900 eorum,

509 1941 619 2020 qui
661 1939 944 2018 audiunt,
987 1940 1244 2018 animos,
1288 1960 1470 2004 nemo
1513 1961 1639 2004 non
1679 1940 2024 2022 intellegat.
2090 1939 2215 2004 Ubi
2257 1940 2530 2022 primum
2572 1948 2787 2005 autem
2826 1941 3183 2006 accuratius

510 2059 574 2121 in
616 2057 782 2122 hanc
823 2079 958 2122 rem
998 2059 1316 2140 inquirere
1358 2060 1548 2142 coepi,
1595 2060 1817 2124 statim
1859 2059 2292 2136 animadverti,
2348 2059 2403 2124 si
2444 2065 2645 2124 totam
2686 2059 2863 2124 illam
2904 2061 3183 2141 quaesti-

511 2197 708 2254 onem,
752 2177 987 2258 quippe
1031 2197 1194 2258 quae
1236 2178 1540 2242 latissime
1583 2185 1817 2260 pateat,
1863 2179 2177 2259 certisque
2209 2178 2496 2242 terminis
2526 2179 2795 2242 coerceri
2830 2179 2933 2241 vix
2966 2152 3181 2260 possit,

441 2378 448 2387 “
510 2301 866 2372 tractarem,
911 2294 1344 2382 huiuscemodi
1385 2296 1927 2378 commentationis
1970 2296 2127 2360 fines
2170 2296 2353 2381 longe
2396 2297 2696 2362 excedere
2739 2317 2989 2362 11666886
3028 2317 3181 2361 6886.

515 2411 654 2490 Qua
707 2413 784 2476 de
841 2434 1030 2478 causa
1085 2415 1284 2494 magis
1341 2435 1374 2478 e
1417 2435 1486 2478 re
1545 2414 1701 2478 mihi
1733 2416 1952 2482 ,visum
1994 2423 2093 2480 est
2144 2416 2221 2479 de
2280 2416 2496 2498 paucis
2554 2415 2936 2497 quibusdam
2994 2415 3184 2480 huius

511 2533 812 2597 materiae
856 2532 1147 2617 partibus
1196 2533 1552 2598 accuratius
1596 2533 1927 2611 disserere,
2006 2555 2197 2614 quam
2262 2541 2465 2598 totam
2520 2535 2696 2599 illam
2754 2535 3185 2616 quaestionem

510 2651 732 2732 leviter
773 2651 1172 2716 adumbrare.
1245 2651 1470 2733 Itaque
1510 2673 1636 2731 uno
1681 2653 1902 2736 capite,
1946 2653 2485 2736 praepositionum
2526 2653 2853 2720 collocatio
2896 2675 2937 2718 a
2978 2654 3185 2735 poetis
3232 2679 3239 2686 ·

513 2772 767 2852 tragicis
811 2769 1065 2835 Graecis
1120 2776 1426 2851 usurpata
1482 2771 1712 2852 quibus
1756 2771 1947 2836 rebus
1990 2771 2073 2836 ab
2115 2789 2233 2837 usu
2277 2772 2591 2836 cotidiano
2632 2771 2976 2838 abhorreat
2985 2803 3003 2850 ‚·
3056 2773 3185 2836 sin-

512 2889 782 2972 gillatim
823 2889 1166 2967 ostendam,
1202 2889 1403 2954 altero
1448 2890 1672 2972 capite,
1715 2890 2041 2956 collocatio
2074 2890 2529 2962 attributorum
2560 2909 2719 2972 quas
2762 2889 2998 2956 habeat
3040 2911 3186 2973 pro-

513 3010 832 3092 prietates,
876 3029 1178 3090 quaerere
1219 3007 1511 3072 conabor.
1542 3081 1548 3087 ,

1655 3263 1932 3370 Caput
1989 3263 2049 3346 I.

905 3447 1052 3534 De
1145 3447 1805 3533 collocatione
1893 3427 2799 3562 praepositionum.

1779 3646 1818 3738 ξ
1882 3651 1951 3716 1.>

979 3793 1071 3863 De
1111 3791 1733 3883 praepositionibus
1781 3811 1823 3863 a
1867 3791 2322 3863 substantivis
2376 3791 2731 3862 seiunctis.

743 3961 1288 4046 Praepositionum
1304 4014 1318 4042 ,
1351 3983 1539 4044 jquae
1581 3962 1720 4028 aliis
1765 3962 1973 4027 verbis
2014 3962 2401 4045 interpositis
2444 3983 2486 4026 a
2529 3960 2941 4025 substantivis
2973 3961 3193 4024 ,8611111-

520 4089 769 4164 guutur,
813 4102 1198 4164 quamquam
1240 4081 1540 4146 nonnulla
1583 4081 1870 4164 exempla
1912 4081 2267 4146 attulerunt
2296 4079 2665 4144 Kiihnerus¹
2707 4085 2773 4142 et
2808 4077 3186 4160 Kriigerus,²

521 4203 630 4283 qui
673 4201 1026 4266 accuratius
1069 4201 1148 4265 de
1189 4201 1310 4266 hac
1347 4222 1415 4265 re
1458 4201 1840 4279 disseruerit,
1885 4221 2009 4264 non
2042 4201 2314 4266 invenio,

749 4319 960 4401 Atque
1002 4320 1276 4402 primum
1318 4319 1574 4401 quidem
1619 4320 1688 4382 id
1729 4305 2173 4402 praemoneam
2214 4319 2281 4381 in
2310 4315 2431 4381 hac
2458 4337 2527 4380 re
2559 4336 2684 4379 11611
2714 4313 3027 4397 agendum
3059 4334 3195 4378 6886

524 4438 602 4503 (16
644 4439 966 4503 adiectivis
1007 4438 1107 4503 vel
1149 4440 1466 4520 genetivis,
1509 4458 1672 4519 quae
1715 4438 1882 4502 inter
1921 4436 2414 4520 praepositiones
2456 4442 2521 4499 et
2564 4433 2961 4499 substantiva
3003 4434 3196 4496 inter-

655 4621 709 4693 ¹)·
753 4624 1138 4678 Ausfiihrliche
1175 4623 1520 4677 Grammatik
1555 4623 1652 4677 der
1687 4622 2063 4690 griechischen
2099 4622 2336 4690 Sprache
2372 4620 2440 4688 11,
2484 4623 2527 4687 1,
2566 4635 2689 4688 pag.
2730 4621 2847 4674 480.

653 4731 704 4798 ²)
759 4728 1106 4783 Griechischc
1143 4727 1498 4796 Sprachlehre
1531 4727 1620 4779 fiir
1657 4727 1891 4780 Schulen
1926 4726 1996 4794 11,
2032 4729 2117 4793 (38,
2152 4729 2203 4793 5,
2243 4729 2389 4780 1—5.

2838 4827 2863 4880 l
