<?xml version="1.0" encoding="UTF-8"?>
<!DOCTYPE html PUBLIC "-//W3C//DTD XHTML 1.0 Transitional//EN"
    "http://www.w3.org/TR/xhtml1/DTD/xhtml1-transitional.dtd">
<html xmlns="http://www.w3.org/1999/xhtml" xml:lang="en" lang="en">
 <head>
  <title>
</title>
<meta http-equiv="Content-Type" content="text/html;charset=utf-8" />
  <meta name='ocr-system' content='tesseract 3.04.00' />
  <meta name='ocr-capabilities' content='ocr_page ocr_carea ocr_par ocr_line ocrx_word'/>
</head>
<body>
  <div class='ocr_page' id='page_1' title='image "./deverborumcollo00harmgoog_0049.png"; bbox 0 0 3559 5184; ppageno 0'>
   <div class='ocr_carea' id='block_1_1' title="bbox 1755 185 1831 244">
    <p class='ocr_par' dir='ltr' id='par_1_1' title="bbox 1755 185 1831 244">
     <span class='ocr_line' id='line_1_1' title="bbox 1755 185 1831 244; baseline 0.026 -2"><span class='ocrx_word' id='word_1_1' title='bbox 1755 185 1831 244; x_wconf 87' lang='lat'>41</span> 
     </span>
    </p>
   </div>
   <div class='ocr_carea' id='block_1_2' title="bbox 1589 268 2003 278">
    <p class='ocr_par' dir='ltr' id='par_1_2' title="bbox 1589 268 2003 278">
     <span class='ocr_line' id='line_1_2' title="bbox 1589 268 2003 278; baseline 0 4906"><span class='ocrx_word' id='word_1_2' title='bbox 1589 268 2003 278; x_wconf 95' lang='lat' dir='ltr'> </span> 
     </span>
    </p>
   </div>
   <div class='ocr_carea' id='block_1_3' title="bbox 455 439 3138 4575">
    <p class='ocr_par' dir='ltr' id='par_1_3' title="bbox 455 439 3138 4575">
     <span class='ocr_line' id='line_1_3' title="bbox 463 439 3129 536; baseline 0.002 -20"><span class='ocrx_word' id='word_1_3' title='bbox 463 459 584 518; x_wconf 82' lang='lat'>864</span> <span class='ocrx_word' id='word_1_4' title='bbox 628 449 747 520; x_wconf 78' lang='grc' dir='ltr'>τὰν</span> <span class='ocrx_word' id='word_1_5' title='bbox 788 443 1105 517; x_wconf 69' lang='grc' dir='ltr'><em>εῧσεπτον</em></span> <span class='ocrx_word' id='word_1_6' title='bbox 1152 445 1417 536; x_wconf 76' lang='grc' dir='ltr'><em>ἁγνείαν</em></span> <span class='ocrx_word' id='word_1_7' title='bbox 1458 444 1668 536; x_wconf 74' lang='grc' dir='ltr'><em>λόγων</em></span> <span class='ocrx_word' id='word_1_8' title='bbox 1709 443 1914 534; x_wconf 75' lang='grc' dir='ltr'><em>ἔργων</em></span> <span class='ocrx_word' id='word_1_9' title='bbox 1941 473 2012 518; x_wconf 81' lang='grc' dir='ltr'>τε</span> <span class='ocrx_word' id='word_1_10' title='bbox 2048 445 2333 528; x_wconf 73' lang='grc' dir='ltr'><em>πάντων,</em></span> <span class='ocrx_word' id='word_1_11' title='bbox 2379 439 2467 515; x_wconf 79' lang='grc' dir='ltr'>ὧν</span> <span class='ocrx_word' id='word_1_12' title='bbox 2498 446 2693 534; x_wconf 79' lang='grc' dir='ltr'><em>νόμοι</em></span> <span class='ocrx_word' id='word_1_13' title='bbox 2722 445 3129 536; x_wconf 72' lang='grc' dir='ltr'><em>πρόκεινται..</em></span> 
     </span>
     <span class='ocr_line' id='line_1_4' title="bbox 463 567 3129 654; baseline -0.002 -14"><span class='ocrx_word' id='word_1_14' title='bbox 463 574 802 640; x_wconf 86' lang='lat' dir='ltr'>Genetivus</span> <span class='ocrx_word' id='word_1_15' title='bbox 855 569 979 636; x_wconf 86' lang='lat' dir='ltr'>hoc.</span> <span class='ocrx_word' id='word_1_16' title='bbox 1031 569 1171 638; x_wconf 76' lang='lat' dir='ltr'>loco</span> <span class='ocrx_word' id='word_1_17' title='bbox 1228 590 1306 634; x_wconf 85' lang='lat' dir='ltr'>ex</span> <span class='ocrx_word' id='word_1_18' title='bbox 1361 567 1608 634; x_wconf 88' lang='lat' dir='ltr'>duobus</span> <span class='ocrx_word' id='word_1_19' title='bbox 1665 567 1969 634; x_wconf 80' lang='lat' dir='ltr'><strong>membris</strong></span> <span class='ocrx_word' id='word_1_20' title='bbox 2021 575 2271 639; x_wconf 79' lang='lat' dir='ltr'>constat</span> <span class='ocrx_word' id='word_1_21' title='bbox 2285 620 2303 647; x_wconf 86' lang='lat'>,</span> <span class='ocrx_word' id='word_1_22' title='bbox 2357 569 2589 654; x_wconf 83' lang='lat' dir='ltr'>quibus</span> <span class='ocrx_word' id='word_1_23' title='bbox 2632 570 2889 654; x_wconf 79' lang='lat' dir='ltr'>insuper</span> <span class='ocrx_word' id='word_1_24' title='bbox 2932 591 3129 636; x_wconf 84' lang='lat' dir='ltr'>enun-</span> 
     </span>
     <span class='ocr_line' id='line_1_5' title="bbox 459 687 3130 775; baseline 0 -19"><span class='ocrx_word' id='word_1_25' title='bbox 459 694 697 758; x_wconf 79' lang='lat' dir='ltr'>tiatum</span> <span class='ocrx_word' id='word_1_26' title='bbox 745 688 1078 754; x_wconf 79' lang='lat' dir='ltr'>relativum</span> <span class='ocrx_word' id='word_1_27' title='bbox 1131 687 1416 766; x_wconf 82' lang='lat' dir='ltr'>additur,</span> <span class='ocrx_word' id='word_1_28' title='bbox 1486 694 1560 751; x_wconf 91' lang='lat' dir='ltr'>ut</span> <span class='ocrx_word' id='word_1_29' title='bbox 1611 707 1817 768; x_wconf 89' lang='lat' dir='ltr'>neque</span> <span class='ocrx_word' id='word_1_30' title='bbox 1874 688 2082 752; x_wconf 86' lang='lat' dir='ltr'>omnia</span> <span class='ocrx_word' id='word_1_31' title='bbox 2136 689 2294 754; x_wconf 81' lang='lat' dir='ltr'>haec</span> <span class='ocrx_word' id='word_1_32' title='bbox 2348 689 2539 756; x_wconf 82' lang='lat' dir='ltr'>verba</span> <span class='ocrx_word' id='word_1_33' title='bbox 2599 689 2757 754; x_wconf 88' lang='lat' dir='ltr'>bene</span> <span class='ocrx_word' id='word_1_34' title='bbox 2801 691 3130 775; x_wconf 26' lang='lat' dir='ltr'>*interponi</span> 
     </span>
     <span class='ocr_line' id='line_1_6' title="bbox 460 805 3127 896; baseline -0.001 -19"><span class='ocrx_word' id='word_1_35' title='bbox 460 811 705 896; x_wconf 78' lang='lat' dir='ltr'>possint</span> <span class='ocrx_word' id='word_1_36' title='bbox 761 829 964 890; x_wconf 88' lang='lat' dir='ltr'>neque</span> <span class='ocrx_word' id='word_1_37' title='bbox 1023 807 1418 873; x_wconf 81' lang='lat' dir='ltr'>enuntiatum</span> <span class='ocrx_word' id='word_1_38' title='bbox 1471 806 1807 874; x_wconf 82' lang='lat' dir='ltr'>relativum</span> <span class='ocrx_word' id='word_1_39' title='bbox 1850 807 2091 892; x_wconf 76' lang='lat' dir='ltr'>seiungi</span> <span class='ocrx_word' id='word_1_40' title='bbox 2136 827 2175 872; x_wconf 72' lang='lat' dir='ltr'>a</span> <span class='ocrx_word' id='word_1_41' title='bbox 2215 805 2419 874; x_wconf 73' lang='lat' dir='ltr'>verbis</span> <span class='ocrx_word' id='word_1_42' title='bbox 2432 857 2446 885; x_wconf 87' lang='lat'>,</span> <span class='ocrx_word' id='word_1_43' title='bbox 2506 807 2591 872; x_wconf 84' lang='lat' dir='ltr'>ad</span> <span class='ocrx_word' id='word_1_44' title='bbox 2632 827 2795 892; x_wconf 84' lang='lat' dir='ltr'>quae</span> <span class='ocrx_word' id='word_1_45' title='bbox 2834 807 3127 876; x_wconf 77' lang='lat' dir='ltr'>refertur.</span> 
     </span>
     <span class='ocr_line' id='line_1_7' title="bbox 461 917 3131 1013; baseline -0.001 -15"><span class='ocrx_word' id='word_1_46' title='bbox 461 929 696 998; x_wconf 74' lang='lat' dir='ltr'>Similis</span> <span class='ocrx_word' id='word_1_47' title='bbox 736 928 913 992; x_wconf 85' lang='lat' dir='ltr'>loeus</span> <span class='ocrx_word' id='word_1_48' title='bbox 957 933 1054 990; x_wconf 87' lang='lat' dir='ltr'>est</span> <span class='ocrx_word' id='word_1_49' title='bbox 1091 925 1188 990; x_wconf 82' lang='lat' dir='ltr'>Ai.</span> <span class='ocrx_word' id='word_1_50' title='bbox 1220 945 1278 988; x_wconf 88' lang='lat' dir='ltr'>v.</span> <span class='ocrx_word' id='word_1_51' title='bbox 1311 930 1422 990; x_wconf 76' lang='lat'>501</span> <span class='ocrx_word' id='word_1_52' title='bbox 1477 921 1597 1012; x_wconf 75' lang='grc' dir='ltr'>τὴν</span> <span class='ocrx_word' id='word_1_53' title='bbox 1641 917 1977 1006; x_wconf 78' lang='grc' dir='ltr'><em>ὁμευνέτιν</em></span> <span class='ocrx_word' id='word_1_54' title='bbox 2022 927 2029 1008; x_wconf 81' lang='grc'>1</span> <span class='ocrx_word' id='word_1_55' title='bbox 2077 920 2399 1004; x_wconf 73' lang='grc' dir='ltr'><em>Αἴαντος,</em></span> <span class='ocrx_word' id='word_1_56' title='bbox 2438 918 2516 1004; x_wconf 75' lang='grc' dir='ltr'>ὃς</span> <span class='ocrx_word' id='word_1_57' title='bbox 2552 925 2864 1013; x_wconf 76' lang='grc' dir='ltr'><em>μέγιστον</em></span> <span class='ocrx_word' id='word_1_58' title='bbox 2906 921 3131 1010; x_wconf 69' lang='grc' dir='ltr'><strong><em>ἴσχυσε</em></strong></span> 
     </span>
     <span class='ocr_line' id='line_1_8' title="bbox 461 1021 3128 1134; baseline -0.001 -20"><span class='ocrx_word' id='word_1_59' title='bbox 461 1051 763 1134; x_wconf 81' lang='grc' dir='ltr'><em>στρατοῦ.</em></span> <span class='ocrx_word' id='word_1_60' title='bbox 817 1083 896 1092; x_wconf 87' lang='lat'>——</span> <span class='ocrx_word' id='word_1_61' title='bbox 955 1043 1184 1116; x_wconf 79' lang='lat' dir='ltr'>Bacch.</span> <span class='ocrx_word' id='word_1_62' title='bbox 1227 1048 1350 1110; x_wconf 76' lang='lat'>386</span> <span class='ocrx_word' id='word_1_63' title='bbox 1425 1038 1746 1124; x_wconf 75' lang='grc' dir='ltr'><em>ἀχαλίνων</em></span> <span class='ocrx_word' id='word_1_64' title='bbox 1802 1039 2151 1128; x_wconf 80' lang='grc' dir='ltr'><em>στομάτων</em></span> <span class='ocrx_word' id='word_1_65' title='bbox 2208 1038 2460 1129; x_wconf 67' lang='grc' dir='ltr'><em>ἀνόμου</em></span> <span class='ocrx_word' id='word_1_66' title='bbox 2517 1046 2571 1110; x_wconf 86' lang='grc' dir='ltr'>τ’</span> <span class='ocrx_word' id='word_1_67' title='bbox 2615 1021 2999 1132; x_wconf 79' lang='grc' dir='ltr'><em>ἀφροσύνας</em></span> <span class='ocrx_word' id='word_1_68' title='bbox 3052 1044 3128 1112; x_wconf 81' lang='grc' dir='ltr'>τὸ</span> 
     </span>
     <span class='ocr_line' id='line_1_9' title="bbox 466 1161 3003 1248; baseline -0.007 -14"><span class='ocrx_word' id='word_1_69' title='bbox 466 1165 658 1246; x_wconf 77' lang='grc' dir='ltr'><em>τέλος</em></span> <span class='ocrx_word' id='word_1_70' title='bbox 701 1161 1038 1248; x_wconf 68' lang='grc' dir='ltr'><em>δυστυχία.</em></span> <span class='ocrx_word' id='word_1_71' title='bbox 2748 1209 2757 1221; x_wconf 31' lang='grc' dir='ltr'><em>Α</em></span> <span class='ocrx_word' id='word_1_72' title='bbox 2881 1185 2886 1189; x_wconf 93' lang='grc'><em>·</em></span> <span class='ocrx_word' id='word_1_73' title='bbox 2998 1211 3003 1217; x_wconf 90' lang='grc'>.</span> 
     </span>
     <span class='ocr_line' id='line_1_10' title="bbox 685 1280 3130 1368; baseline -0.001 -21"><span class='ocrx_word' id='word_1_74' title='bbox 685 1284 786 1347; x_wconf 92' lang='lat' dir='ltr'>Ad</span> <span class='ocrx_word' id='word_1_75' title='bbox 842 1281 1169 1368; x_wconf 84' lang='lat' dir='ltr'>complura</span> <span class='ocrx_word' id='word_1_76' title='bbox 1222 1280 1617 1345; x_wconf 81' lang='lat' dir='ltr'>substantiva</span> <span class='ocrx_word' id='word_1_77' title='bbox 1672 1281 1997 1362; x_wconf 75' lang='lat' dir='ltr'>genetivus</span> <span class='ocrx_word' id='word_1_78' title='bbox 2050 1282 2330 1366; x_wconf 74' lang='lat' dir='ltr'>pertinet.</span> <span class='ocrx_word' id='word_1_79' title='bbox 2382 1280 2481 1348; x_wconf 89' lang='lat' dir='ltr'>his</span> <span class='ocrx_word' id='word_1_80' title='bbox 2536 1280 2665 1346; x_wconf 86' lang='lat' dir='ltr'>fere</span> <span class='ocrx_word' id='word_1_81' title='bbox 2720 1281 2907 1350; x_wconf 79' lang='lat' dir='ltr'>locis:</span> <span class='ocrx_word' id='word_1_82' title='bbox 2978 1280 3130 1346; x_wconf 82' lang='lat' dir='ltr'>Eur.</span> 
     </span>
     <span class='ocr_line' id='line_1_11' title="bbox 460 1391 3135 1488; baseline -0.002 -18"><span class='ocrx_word' id='word_1_83' title='bbox 460 1402 679 1488; x_wconf 86' lang='lat' dir='ltr'>Suppl.</span> <span class='ocrx_word' id='word_1_84' title='bbox 727 1409 837 1470; x_wconf 75' lang='lat'>631</span> <span class='ocrx_word' id='word_1_85' title='bbox 891 1400 968 1468; x_wconf 87' lang='grc' dir='ltr'>τὸ</span> <span class='ocrx_word' id='word_1_86' title='bbox 1020 1398 1140 1466; x_wconf 81' lang='grc' dir='ltr'>σὸν</span> <span class='ocrx_word' id='word_1_87' title='bbox 1183 1391 1446 1486; x_wconf 70' lang='grc' dir='ltr'><em>ἄγαλμα</em></span> <span class='ocrx_word' id='word_1_88' title='bbox 1489 1397 1568 1466; x_wconf 77' lang='grc' dir='ltr'>τὰ</span> <span class='ocrx_word' id='word_1_89' title='bbox 1615 1396 1734 1466; x_wconf 78' lang='grc' dir='ltr'>σὸν</span> <span class='ocrx_word' id='word_1_90' title='bbox 1773 1397 2023 1487; x_wconf 67' lang='grc' dir='ltr'><em>ἵδρυμα</em></span> <span class='ocrx_word' id='word_1_91' title='bbox 2068 1395 2336 1478; x_wconf 78' lang='grc' dir='ltr'><em>πόλεος.</em></span> <span class='ocrx_word' id='word_1_92' title='bbox 2418 1399 2553 1467; x_wconf 87' lang='lat' dir='ltr'>Ion.</span> <span class='ocrx_word' id='word_1_93' title='bbox 2580 1404 2703 1466; x_wconf 79' lang='lat'>621</span> <span class='ocrx_word' id='word_1_94' title='bbox 2748 1397 3135 1486; x_wconf 74' lang='grc' dir='ltr'><em>τυραννίδος</em></span> 
     </span>
     <span class='ocr_line' id='line_1_12' title="bbox 461 1513 3131 1610; baseline -0.001 -24"><span class='ocrx_word' id='word_1_95' title='bbox 461 1521 534 1590; x_wconf 72' lang='grc' dir='ltr'>δὲ</span> <span class='ocrx_word' id='word_1_96' title='bbox 575 1525 692 1610; x_wconf 74' lang='grc' dir='ltr'>τῆς</span> <span class='ocrx_word' id='word_1_97' title='bbox 730 1517 943 1608; x_wconf 81' lang='grc' dir='ltr'><em>μάτην</em></span> <span class='ocrx_word' id='word_1_98' title='bbox 977 1515 1364 1605; x_wconf 76' lang='grc' dir='ltr'><em>αἰνουμένης</em></span> <span class='ocrx_word' id='word_1_99' title='bbox 1407 1518 1416 1604; x_wconf 91' lang='grc' dir='ltr'>Ι</span> <span class='ocrx_word' id='word_1_100' title='bbox 1463 1516 1539 1586; x_wconf 82' lang='grc' dir='ltr'>τὸ</span> <span class='ocrx_word' id='word_1_101' title='bbox 1581 1517 1703 1604; x_wconf 74' lang='grc' dir='ltr'>μὲν</span> <span class='ocrx_word' id='word_1_102' title='bbox 1746 1515 2108 1604; x_wconf 82' lang='grc' dir='ltr'><em>πρόςωπον</em></span> <span class='ocrx_word' id='word_1_103' title='bbox 2149 1515 2303 1608; x_wconf 59' lang='lat' dir='ltr'>{qd-e,</span> <span class='ocrx_word' id='word_1_104' title='bbox 2348 1513 2471 1587; x_wconf 75' lang='grc' dir='ltr'>τάν</span> <span class='ocrx_word' id='word_1_105' title='bbox 2514 1515 2787 1604; x_wconf 78' lang='grc' dir='ltr'><em>δόμοισι</em></span> <span class='ocrx_word' id='word_1_106' title='bbox 2829 1517 2904 1588; x_wconf 75' lang='grc' dir='ltr'>δὲ</span> <span class='ocrx_word' id='word_1_107' title='bbox 2956 1519 2963 1603; x_wconf 75' lang='grc' dir='ltr'>Ι</span> <span class='ocrx_word' id='word_1_108' title='bbox 3020 1519 3131 1584; x_wconf 70' lang='grc' dir='ltr'>λι·-</span> 
     </span>
     <span class='ocr_line' id='line_1_13' title="bbox 461 1634 3129 1728; baseline 0 -23"><span class='ocrx_word' id='word_1_109' title='bbox 461 1637 678 1728; x_wconf 71' lang='grc' dir='ltr'><em>πηρά,</em></span> <span class='ocrx_word' id='word_1_110' title='bbox 738 1641 848 1706; x_wconf 94' lang='lat' dir='ltr'>ubi</span> <span class='ocrx_word' id='word_1_111' title='bbox 905 1634 1026 1706; x_wconf 83' lang='grc' dir='ltr'>τᾶν</span> <span class='ocrx_word' id='word_1_112' title='bbox 1082 1635 1357 1724; x_wconf 81' lang='grc' dir='ltr'><em>δόμοισι</em></span> <span class='ocrx_word' id='word_1_113' title='bbox 1407 1637 1670 1704; x_wconf 85' lang='lat' dir='ltr'>alterius</span> <span class='ocrx_word' id='word_1_114' title='bbox 1727 1638 2105 1705; x_wconf 78' lang='lat' dir='ltr'><strong>substantivi</strong></span> <span class='ocrx_word' id='word_1_115' title='bbox 2156 1637 2359 1702; x_wconf 82' lang='lat' dir='ltr'>instar</span> <span class='ocrx_word' id='word_1_116' title='bbox 2418 1643 2536 1704; x_wconf 85' lang='lat' dir='ltr'>est.</span> <span class='ocrx_word' id='word_1_117' title='bbox 2619 1635 2848 1707; x_wconf 77' lang='lat' dir='ltr'>Bacch.</span> <span class='ocrx_word' id='word_1_118' title='bbox 2890 1641 3011 1702; x_wconf 71' lang='lat'>610</span> <span class='ocrx_word' id='word_1_119' title='bbox 3053 1636 3129 1707; x_wconf 77' lang='grc' dir='ltr'>τὸ</span> 
     </span>
     <span class='ocr_line' id='line_1_14' title="bbox 461 1750 3133 1846; baseline 0 -22"><span class='ocrx_word' id='word_1_120' title='bbox 461 1759 590 1846; x_wconf 73' lang='grc' dir='ltr'>γὰρ</span> <span class='ocrx_word' id='word_1_121' title='bbox 633 1755 834 1841; x_wconf 81' lang='grc' dir='ltr'><em>τάχος</em></span> <span class='ocrx_word' id='word_1_122' title='bbox 877 1779 998 1826; x_wconf 80' lang='grc' dir='ltr'>σου</span> <span class='ocrx_word' id='word_1_123' title='bbox 1046 1759 1174 1824; x_wconf 77' lang='grc' dir='ltr'>τῶν</span> <span class='ocrx_word' id='word_1_124' title='bbox 1219 1761 1475 1844; x_wconf 80' lang='grc' dir='ltr'><em>φρενῶν</em></span> <span class='ocrx_word' id='word_1_125' title='bbox 1531 1755 1793 1836; x_wconf 80' lang='grc' dir='ltr'><em>δέδοικ’,</em></span> <span class='ocrx_word' id='word_1_126' title='bbox 1856 1750 2038 1836; x_wconf 69' lang='grc' dir='ltr'><em>ἄναξ,</em></span> <span class='ocrx_word' id='word_1_127' title='bbox 2088 1755 2095 1841; x_wconf 81' lang='grc' dir='ltr'>Ι</span> <span class='ocrx_word' id='word_1_128' title='bbox 2155 1755 2267 1822; x_wconf 85' lang='grc' dir='ltr'>καὶ</span> <span class='ocrx_word' id='word_1_129' title='bbox 2308 1751 2687 1842; x_wconf 73' lang='grc' dir='ltr'><em>τόξύθυμον</em></span> <span class='ocrx_word' id='word_1_130' title='bbox 2730 1755 2843 1825; x_wconf 81' lang='grc' dir='ltr'>καὶ</span> <span class='ocrx_word' id='word_1_131' title='bbox 2883 1755 2965 1822; x_wconf 78' lang='grc' dir='ltr'>τὸ</span> <span class='ocrx_word' id='word_1_132' title='bbox 3006 1762 3133 1840; x_wconf 62' lang='grc' dir='ltr'><strong><em>βαι-.-</em></strong></span> 
     </span>
     <span class='ocr_line' id='line_1_15' title="bbox 459 1873 3135 1962; baseline -0 -20"><span class='ocrx_word' id='word_1_133' title='bbox 459 1876 709 1946; x_wconf 81' lang='grc' dir='ltr'><em>σιλικόν</em></span> <span class='ocrx_word' id='word_1_134' title='bbox 765 1873 934 1943; x_wconf 80' lang='grc' dir='ltr'><em>λίαν.</em></span> <span class='ocrx_word' id='word_1_135' title='bbox 1022 1875 1236 1944; x_wconf 82' lang='lat' dir='ltr'>Etiam</span> <span class='ocrx_word' id='word_1_136' title='bbox 1289 1873 1483 1961; x_wconf 78' lang='lat' dir='ltr'>Suph.</span> <span class='ocrx_word' id='word_1_137' title='bbox 1525 1874 1624 1942; x_wconf 86' lang='lat' dir='ltr'>El.</span> <span class='ocrx_word' id='word_1_138' title='bbox 1671 1881 1797 1941; x_wconf 88' lang='lat'>913</span> <span class='ocrx_word' id='word_1_139' title='bbox 1852 1877 2019 1940; x_wconf 89' lang='lat' dir='ltr'>inter</span> <span class='ocrx_word' id='word_1_140' title='bbox 2089 1875 2247 1945; x_wconf 77' lang='lat' dir='ltr'>haec</span> <span class='ocrx_word' id='word_1_141' title='bbox 2315 1875 2605 1962; x_wconf 85' lang='lat' dir='ltr'>exempla</span> <span class='ocrx_word' id='word_1_142' title='bbox 2674 1877 3135 1943; x_wconf 84' lang='lat' dir='ltr'>numerandum</span> 
     </span>
     <span class='ocr_line' id='line_1_16' title="bbox 458 1985 3135 2083; baseline -0.001 -21"><span class='ocrx_word' id='word_1_143' title='bbox 458 2003 584 2062; x_wconf 87' lang='lat' dir='ltr'>est:</span> <span class='ocrx_word' id='word_1_144' title='bbox 630 1990 770 2062; x_wconf 77' lang='grc' dir='ltr'><strong><em>ἀλλ’</em></strong></span> <span class='ocrx_word' id='word_1_145' title='bbox 814 1990 972 2064; x_wconf 75' lang='grc' dir='ltr'><em>οὐδὲ</em></span> <span class='ocrx_word' id='word_1_146' title='bbox 1010 1993 1134 2079; x_wconf 79' lang='grc' dir='ltr'>μὲν</span> <span class='ocrx_word' id='word_1_147' title='bbox 1174 1993 1252 2083; x_wconf 76' lang='grc' dir='ltr'>δὴ</span> <span class='ocrx_word' id='word_1_148' title='bbox 1291 1993 1539 2080; x_wconf 79' lang='grc' dir='ltr'><em>μητρὸς</em></span> <span class='ocrx_word' id='word_1_149' title='bbox 1564 1987 1716 2062; x_wconf 62' lang='grc' dir='ltr'><em>οὗθ’</em></span> <span class='ocrx_word' id='word_1_150' title='bbox 1746 1989 1787 2061; x_wconf 83' lang='grc' dir='ltr'><strong>ὁ</strong></span> <span class='ocrx_word' id='word_1_151' title='bbox 1824 1997 1975 2077; x_wconf 72' lang='grc' dir='ltr'><em>νοῦς</em></span> <span class='ocrx_word' id='word_1_152' title='bbox 2010 1993 2197 2082; x_wconf 83' lang='grc' dir='ltr'><em>φιλεῖ</em></span> <span class='ocrx_word' id='word_1_153' title='bbox 2240 1995 2249 2080; x_wconf 86' lang='grc' dir='ltr'>Ι</span> <span class='ocrx_word' id='word_1_154' title='bbox 2289 1999 2569 2066; x_wconf 73' lang='grc' dir='ltr'><em>τοιαῦτα</em></span> <span class='ocrx_word' id='word_1_155' title='bbox 2598 1990 2937 2083; x_wconf 75' lang='grc' dir='ltr'><em>πράσσειν,</em></span> <span class='ocrx_word' id='word_1_156' title='bbox 2982 1985 3135 2060; x_wconf 61' lang='grc' dir='ltr'><em>οὔτε</em></span> 
     </span>
     <span class='ocr_line' id='line_1_17' title="bbox 459 2109 3135 2200; baseline -0 -19"><span class='ocrx_word' id='word_1_157' title='bbox 459 2116 653 2199; x_wconf 80' lang='grc' dir='ltr'><em>δρῶσ’</em></span> <span class='ocrx_word' id='word_1_158' title='bbox 708 2109 1102 2190; x_wconf 74' lang='grc' dir='ltr'><em>ἐλάνθανεν,</em></span> <span class='ocrx_word' id='word_1_159' title='bbox 1175 2133 1561 2200; x_wconf 83' lang='lat' dir='ltr'>quamquam</span> <span class='ocrx_word' id='word_1_160' title='bbox 1627 2113 1901 2179; x_wconf 76' lang='lat' dir='ltr'>alterum</span> <span class='ocrx_word' id='word_1_161' title='bbox 1955 2113 2448 2193; x_wconf 86' lang='lat' dir='ltr'>substantivum,</span> <span class='ocrx_word' id='word_1_162' title='bbox 2519 2113 2604 2178; x_wconf 83' lang='lat' dir='ltr'>ad</span> <span class='ocrx_word' id='word_1_163' title='bbox 2664 2114 2839 2195; x_wconf 89' lang='lat' dir='ltr'>quod</span> <span class='ocrx_word' id='word_1_164' title='bbox 2887 2109 3135 2200; x_wconf 81' lang='grc' dir='ltr'><em>μητρός</em></span> 
     </span>
     <span class='ocr_line' id='line_1_18' title="bbox 457 2231 3133 2325; baseline 0 -27"><span class='ocrx_word' id='word_1_165' title='bbox 457 2234 678 2299; x_wconf 90' lang='lat' dir='ltr'>eodem</span> <span class='ocrx_word' id='word_1_166' title='bbox 733 2233 924 2298; x_wconf 86' lang='lat' dir='ltr'>modo</span> <span class='ocrx_word' id='word_1_167' title='bbox 979 2231 1376 2302; x_wconf 84' lang='lat' dir='ltr'>referendum</span> <span class='ocrx_word' id='word_1_168' title='bbox 1431 2238 1622 2310; x_wconf 86' lang='lat' dir='ltr'>essct,</span> <span class='ocrx_word' id='word_1_169' title='bbox 1677 2254 1809 2315; x_wconf 80' lang='lat' dir='ltr'>quo</span> <span class='ocrx_word' id='word_1_170' title='bbox 1862 2233 1946 2300; x_wconf 81' lang='lat' dir='ltr'>ad</span> <span class='ocrx_word' id='word_1_171' title='bbox 2006 2237 2188 2310; x_wconf 77' lang='grc' dir='ltr'><em>νοῦς,</em></span> <span class='ocrx_word' id='word_1_172' title='bbox 2247 2252 2375 2297; x_wconf 87' lang='lat' dir='ltr'>non</span> <span class='ocrx_word' id='word_1_173' title='bbox 2420 2232 2728 2325; x_wconf 82' lang='lat' dir='ltr'>expressit</span> <span class='ocrx_word' id='word_1_174' title='bbox 2773 2231 3133 2318; x_wconf 69' lang='lat' dir='ltr'>Sophocles,</span> 
     </span>
     <span class='ocr_line' id='line_1_19' title="bbox 457 2349 3135 2435; baseline -0.001 -17"><span class='ocrx_word' id='word_1_175' title='bbox 457 2352 570 2418; x_wconf 88' lang='lat' dir='ltr'>sed</span> <span class='ocrx_word' id='word_1_176' title='bbox 610 2350 1050 2418; x_wconf 78' lang='lat' dir='ltr'>anacoluthiae</span> <span class='ocrx_word' id='word_1_177' title='bbox 1091 2353 1295 2434; x_wconf 83' lang='lat' dir='ltr'>figura</span> <span class='ocrx_word' id='word_1_178' title='bbox 1335 2369 1502 2429; x_wconf 73' lang='lat' dir='ltr'>usne,</span> <span class='ocrx_word' id='word_1_179' title='bbox 1546 2353 1720 2434; x_wconf 85' lang='lat' dir='ltr'>quod</span> <span class='ocrx_word' id='word_1_180' title='bbox 1743 2349 2073 2420; x_wconf 84' lang='lat' dir='ltr'>-Nauckius</span> <span class='ocrx_word' id='word_1_181' title='bbox 2116 2371 2369 2435; x_wconf 87' lang='lat' dir='ltr'>quoque</span> <span class='ocrx_word' id='word_1_182' title='bbox 2409 2358 2692 2429; x_wconf 82' lang='lat' dir='ltr'>annotat,</span> <span class='ocrx_word' id='word_1_183' title='bbox 2738 2351 3135 2418; x_wconf 83' lang='lat' dir='ltr'>enuntiatum</span> 
     </span>
     <span class='ocr_line' id='line_1_20' title="bbox 455 2462 3133 2556; baseline -0 -20"><span class='ocrx_word' id='word_1_184' title='bbox 455 2491 574 2556; x_wconf 87' lang='lat' dir='ltr'>pro</span> <span class='ocrx_word' id='word_1_185' title='bbox 631 2470 831 2536; x_wconf 80' lang='lat' dir='ltr'>altero</span> <span class='ocrx_word' id='word_1_186' title='bbox 885 2469 1280 2536; x_wconf 79' lang='lat' dir='ltr'>substantivo</span> <span class='ocrx_word' id='word_1_187' title='bbox 1341 2471 1572 2556; x_wconf 86' lang='lat' dir='ltr'>posuit.</span> <span class='ocrx_word' id='word_1_188' title='bbox 1657 2469 1938 2536; x_wconf 85' lang='lat' dir='ltr'>Verbum</span> <span class='ocrx_word' id='word_1_189' title='bbox 1991 2462 2144 2536; x_wconf 65' lang='grc' dir='ltr'><em>οὔτε</em></span> <span class='ocrx_word' id='word_1_190' title='bbox 2192 2469 2358 2534; x_wconf 90' lang='lat' dir='ltr'>enim</span> <span class='ocrx_word' id='word_1_191' title='bbox 2373 2520 2387 2548; x_wconf 87' lang='lat'>,</span> <span class='ocrx_word' id='word_1_192' title='bbox 2445 2469 2617 2550; x_wconf 84' lang='lat' dir='ltr'>quod</span> <span class='ocrx_word' id='word_1_193' title='bbox 2672 2469 2907 2536; x_wconf 81' lang='lat' dir='ltr'>similes</span> <span class='ocrx_word' id='word_1_194' title='bbox 2952 2489 3133 2535; x_wconf 85' lang='lat' dir='ltr'>voces</span> 
     </span>
     <span class='ocr_line' id='line_1_21' title="bbox 457 2587 3133 2672; baseline -0.001 -18"><span class='ocrx_word' id='word_1_195' title='bbox 457 2591 584 2656; x_wconf 89' lang='lat' dir='ltr'>sive</span> <span class='ocrx_word' id='word_1_196' title='bbox 639 2588 1036 2654; x_wconf 83' lang='lat' dir='ltr'>substantiva</span> <span class='ocrx_word' id='word_1_197' title='bbox 1089 2590 1218 2654; x_wconf 87' lang='lat' dir='ltr'>sive</span> <span class='ocrx_word' id='word_1_198' title='bbox 1274 2589 1464 2654; x_wconf 86' lang='lat' dir='ltr'>verba</span> <span class='ocrx_word' id='word_1_199' title='bbox 1519 2590 1894 2672; x_wconf 80' lang='lat' dir='ltr'>coniungere</span> <span class='ocrx_word' id='word_1_200' title='bbox 1948 2588 2137 2667; x_wconf 82' lang='lat' dir='ltr'>solet,</span> <span class='ocrx_word' id='word_1_201' title='bbox 2196 2587 2320 2658; x_wconf 86' lang='lat' dir='ltr'>hoo</span> <span class='ocrx_word' id='word_1_202' title='bbox 2360 2587 2503 2654; x_wconf 83' lang='lat' dir='ltr'>loeo</span> <span class='ocrx_word' id='word_1_203' title='bbox 2543 2587 2627 2657; x_wconf 81' lang='lat' dir='ltr'>ad</span> <span class='ocrx_word' id='word_1_204' title='bbox 2668 2587 3133 2656; x_wconf 82' lang='lat' dir='ltr'>substantivum</span> 
     </span>
     <span class='ocr_line' id='line_1_22' title="bbox 456 2686 3131 2795; baseline 0.001 -23"><span class='ocrx_word' id='word_1_205' title='bbox 456 2686 536 2772; x_wconf 40' lang='lat' dir='ltr'>et·</span> <span class='ocrx_word' id='word_1_206' title='bbox 566 2707 825 2773; x_wconf 89' lang='lat' dir='ltr'>verbum</span> <span class='ocrx_word' id='word_1_207' title='bbox 869 2707 996 2792; x_wconf 90' lang='lat' dir='ltr'>(vel</span> <span class='ocrx_word' id='word_1_208' title='bbox 1037 2705 1462 2794; x_wconf 86' lang='lat' dir='ltr'>enuntiatum)</span> <span class='ocrx_word' id='word_1_209' title='bbox 1505 2710 1873 2793; x_wconf 85' lang='lat' dir='ltr'>appositum</span> <span class='ocrx_word' id='word_1_210' title='bbox 1914 2715 2029 2773; x_wconf 87' lang='lat' dir='ltr'>est.</span> <span class='ocrx_word' id='word_1_211' title='bbox 2100 2707 2327 2788; x_wconf 85' lang='lat' dir='ltr'>Itaque</span> <span class='ocrx_word' id='word_1_212' title='bbox 2368 2707 2692 2791; x_wconf 76' lang='lat' dir='ltr'>genetivus</span> <span class='ocrx_word' id='word_1_213' title='bbox 2729 2701 2977 2795; x_wconf 82' lang='grc' dir='ltr'><em>μητρός</em></span> <span class='ocrx_word' id='word_1_214' title='bbox 3016 2727 3131 2774; x_wconf 90' lang='lat' dir='ltr'>suo</span> 
     </span>
     <span class='ocr_line' id='line_1_23' title="bbox 455 2817 3132 2911; baseline -0.001 -21"><span class='ocrx_word' id='word_1_215' title='bbox 455 2828 592 2894; x_wconf 88' lang='lat' dir='ltr'>iure</span> <span class='ocrx_word' id='word_1_216' title='bbox 632 2847 759 2892; x_wconf 84' lang='lat' dir='ltr'>non</span> <span class='ocrx_word' id='word_1_217' title='bbox 812 2826 1002 2892; x_wconf 89' lang='lat' dir='ltr'>modo</span> <span class='ocrx_word' id='word_1_218' title='bbox 1045 2833 1193 2891; x_wconf 84' lang='lat' dir='ltr'>ante</span> <span class='ocrx_word' id='word_1_219' title='bbox 1231 2827 1584 2906; x_wconf 84' lang='lat' dir='ltr'>articulum,</span> <span class='ocrx_word' id='word_1_220' title='bbox 1627 2827 1740 2895; x_wconf 87' lang='lat' dir='ltr'>sed</span> <span class='ocrx_word' id='word_1_221' title='bbox 1781 2827 1974 2896; x_wconf 85' lang='lat' dir='ltr'>etiam</span> <span class='ocrx_word' id='word_1_222' title='bbox 2015 2833 2163 2896; x_wconf 83' lang='lat' dir='ltr'>ante</span> <span class='ocrx_word' id='word_1_223' title='bbox 2203 2825 2463 2895; x_wconf 88' lang='lat' dir='ltr'>verbum</span> <span class='ocrx_word' id='word_1_224' title='bbox 2507 2817 2660 2892; x_wconf 66' lang='grc' dir='ltr'><em>οὔτε</em></span> <span class='ocrx_word' id='word_1_225' title='bbox 2701 2826 2982 2911; x_wconf 84' lang='lat' dir='ltr'>positum</span> <span class='ocrx_word' id='word_1_226' title='bbox 3016 2829 3132 2889; x_wconf 89' lang='lat' dir='ltr'>est.</span> 
     </span>
     <span class='ocr_line' id='line_1_24' title="bbox 689 2943 3133 3032; baseline 0.002 -24"><span class='ocrx_word' id='word_1_227' title='bbox 689 2943 1029 3011; x_wconf 79' lang='lat' dir='ltr'>Nonnullis</span> <span class='ocrx_word' id='word_1_228' title='bbox 1081 2945 1308 3014; x_wconf 85' lang='lat' dir='ltr'>deinde</span> <span class='ocrx_word' id='word_1_229' title='bbox 1350 2945 1504 3016; x_wconf 84' lang='lat' dir='ltr'>locis</span> <span class='ocrx_word' id='word_1_230' title='bbox 1548 2945 1815 3016; x_wconf 69' lang='lat' dir='ltr'>feitasse</span> <span class='ocrx_word' id='word_1_231' title='bbox 1857 2945 1924 3013; x_wconf 87' lang='lat' dir='ltr'>id</span> <span class='ocrx_word' id='word_1_232' title='bbox 1964 2946 2190 3012; x_wconf 76' lang='lat' dir='ltr'>afferre</span> <span class='ocrx_word' id='word_1_233' title='bbox 2232 2965 2582 3032; x_wconf 84' lang='lat' dir='ltr'>possumus,</span> <span class='ocrx_word' id='word_1_234' title='bbox 2636 2965 2763 3024; x_wconf 85' lang='lat' dir='ltr'>quo</span> <span class='ocrx_word' id='word_1_235' title='bbox 2800 2951 3133 3014; x_wconf 73' lang='lat' dir='ltr'>excusetur</span> 
     </span>
     <span class='ocr_line' id='line_1_25' title="bbox 455 3037 3133 3151; baseline 0 -25"><span class='ocrx_word' id='word_1_236' title='bbox 455 3063 570 3130; x_wconf 83' lang='lat' dir='ltr'>illa</span> <span class='ocrx_word' id='word_1_237' title='bbox 622 3063 892 3145; x_wconf 85' lang='lat' dir='ltr'>genetivi</span> <span class='ocrx_word' id='word_1_238' title='bbox 947 3061 1308 3142; x_wconf 78' lang='lat' dir='ltr'>collocatio,</span> <span class='ocrx_word' id='word_1_239' title='bbox 1365 3085 1491 3132; x_wconf 77' lang='lat' dir='ltr'>nun</span> <span class='ocrx_word' id='word_1_240' title='bbox 1550 3065 1919 3151; x_wconf 79' lang='lat' dir='ltr'>simpliciter</span> <span class='ocrx_word' id='word_1_241' title='bbox 1964 3087 2003 3130; x_wconf 79' lang='lat' dir='ltr'>a</span> <span class='ocrx_word' id='word_1_242' title='bbox 2046 3065 2441 3133; x_wconf 84' lang='lat' dir='ltr'>substantivo</span> <span class='ocrx_word' id='word_1_243' title='bbox 2486 3037 2631 3129; x_wconf 84' lang='lat' dir='ltr'>cum</span> <span class='ocrx_word' id='word_1_244' title='bbox 2673 3061 2941 3128; x_wconf 80' lang='lat' dir='ltr'>articulo</span> <span class='ocrx_word' id='word_1_245' title='bbox 2984 3081 3133 3128; x_wconf 85' lang='lat' dir='ltr'>con-</span> 
     </span>
     <span class='ocr_line' id='line_1_26' title="bbox 456 3180 3135 3272; baseline -0.001 -26"><span class='ocrx_word' id='word_1_246' title='bbox 456 3183 670 3251; x_wconf 82' lang='lat' dir='ltr'>iuncto</span> <span class='ocrx_word' id='word_1_247' title='bbox 721 3181 1072 3266; x_wconf 83' lang='lat' dir='ltr'>dependere</span> <span class='ocrx_word' id='word_1_248' title='bbox 1131 3183 1486 3272; x_wconf 74' lang='lat' dir='ltr'>genetivum</span> <span class='ocrx_word' id='word_1_249' title='bbox 1499 3233 1513 3262; x_wconf 87' lang='lat'>,</span> <span class='ocrx_word' id='word_1_250' title='bbox 1577 3183 1688 3249; x_wconf 89' lang='lat' dir='ltr'>sed</span> <span class='ocrx_word' id='word_1_251' title='bbox 1744 3185 2277 3254; x_wconf 69' lang='lat' dir='ltr'>constructionem</span> <span class='ocrx_word' id='word_1_252' title='bbox 2338 3183 2673 3248; x_wconf 85' lang='lat' dir='ltr'>verborum</span> <span class='ocrx_word' id='word_1_253' title='bbox 2686 3233 2702 3262; x_wconf 90' lang='lat'>,</span> <span class='ocrx_word' id='word_1_254' title='bbox 2768 3201 2846 3246; x_wconf 84' lang='lat' dir='ltr'>ex</span> <span class='ocrx_word' id='word_1_255' title='bbox 2904 3180 3135 3263; x_wconf 88' lang='lat' dir='ltr'>quibus</span> 
     </span>
     <span class='ocr_line' id='line_1_27' title="bbox 461 3299 3136 3400; baseline -0.001 -34"><span class='ocrx_word' id='word_1_256' title='bbox 461 3301 783 3386; x_wconf 79' lang='lat' dir='ltr'>genetivus</span> <span class='ocrx_word' id='word_1_257' title='bbox 835 3299 1188 3385; x_wconf 83' lang='lat' dir='ltr'>dependere</span> <span class='ocrx_word' id='word_1_258' title='bbox 1246 3301 1435 3380; x_wconf 81' lang='lat' dir='ltr'>solet,</span> <span class='ocrx_word' id='word_1_259' title='bbox 1491 3309 1805 3372; x_wconf 76' lang='lat' dir='ltr'>servatam</span> <span class='ocrx_word' id='word_1_260' title='bbox 1844 3323 1979 3370; x_wconf 81' lang='lat' dir='ltr'>esse</span> <span class='ocrx_word' id='word_1_261' title='bbox 2020 3304 2087 3365; x_wconf 90' lang='lat' dir='ltr'>in</span> <span class='ocrx_word' id='word_1_262' title='bbox 2130 3302 2542 3372; x_wconf 81' lang='lat' dir='ltr'>substantivis</span> <span class='ocrx_word' id='word_1_263' title='bbox 2555 3352 2571 3380; x_wconf 86' lang='lat'>,</span> <span class='ocrx_word' id='word_1_264' title='bbox 2628 3322 2791 3384; x_wconf 71' lang='lat' dir='ltr'>quae</span> <span class='ocrx_word' id='word_1_265' title='bbox 2851 3300 3136 3400; x_wconf 67' lang='lat' dir='ltr'>derivate,</span> 
     </span>
     <span class='ocr_line' id='line_1_28' title="bbox 460 3418 3134 3494; baseline -0.002 -8"><span class='ocrx_word' id='word_1_266' title='bbox 460 3427 609 3486; x_wconf 89' lang='lat' dir='ltr'>sunt</span> <span class='ocrx_word' id='word_1_267' title='bbox 673 3419 755 3484; x_wconf 81' lang='lat' dir='ltr'>ab</span> <span class='ocrx_word' id='word_1_268' title='bbox 827 3418 926 3484; x_wconf 87' lang='lat' dir='ltr'>his</span> <span class='ocrx_word' id='word_1_269' title='bbox 1001 3419 1222 3486; x_wconf 80' lang='lat' dir='ltr'>verbis.</span> <span class='ocrx_word' id='word_1_270' title='bbox 1307 3419 1498 3490; x_wconf 81' lang='lat' dir='ltr'>Posse</span> <span class='ocrx_word' id='word_1_271' title='bbox 1568 3422 1734 3486; x_wconf 87' lang='lat' dir='ltr'>enim</span> <span class='ocrx_word' id='word_1_272' title='bbox 1790 3423 2325 3494; x_wconf 85' lang='lat' dir='ltr'>constructionem</span> <span class='ocrx_word' id='word_1_273' title='bbox 2382 3420 2719 3488; x_wconf 88' lang='lat' dir='ltr'>verborum</span> <span class='ocrx_word' id='word_1_274' title='bbox 2776 3419 3011 3486; x_wconf 86' lang='lat' dir='ltr'>servari</span> <span class='ocrx_word' id='word_1_275' title='bbox 3038 3441 3045 3448; x_wconf 84' lang='lat'><strong>·</strong></span> <span class='ocrx_word' id='word_1_276' title='bbox 3068 3419 3134 3485; x_wconf 82' lang='lat' dir='ltr'>in</span> 
     </span>
     <span class='ocr_line' id='line_1_29' title="bbox 460 3535 3133 3620; baseline -0.001 -16"><span class='ocrx_word' id='word_1_277' title='bbox 460 3538 870 3604; x_wconf 83' lang='lat' dir='ltr'>substantivis</span> <span class='ocrx_word' id='word_1_278' title='bbox 912 3539 996 3604; x_wconf 84' lang='lat' dir='ltr'>ab</span> <span class='ocrx_word' id='word_1_279' title='bbox 1039 3539 1130 3603; x_wconf 89' lang='lat' dir='ltr'>eis</span> <span class='ocrx_word' id='word_1_280' title='bbox 1173 3539 1500 3620; x_wconf 82' lang='lat' dir='ltr'>derivatis,</span> <span class='ocrx_word' id='word_1_281' title='bbox 1544 3540 2019 3608; x_wconf 77' lang='lat' dir='ltr'>demonstratur</span> <span class='ocrx_word' id='word_1_282' title='bbox 2061 3540 2369 3610; x_wconf 82' lang='lat' dir='ltr'>eiusmodi</span> <span class='ocrx_word' id='word_1_283' title='bbox 2410 3540 2595 3606; x_wconf 82' lang='lat' dir='ltr'>locis:</span> <span class='ocrx_word' id='word_1_284' title='bbox 2654 3537 2880 3606; x_wconf 76' lang='lat' dir='ltr'>Aeseh.</span> <span class='ocrx_word' id='word_1_285' title='bbox 2924 3535 3133 3602; x_wconf 76' lang='lat' dir='ltr'>Prom-</span> 
     </span>
     <span class='ocr_line' id='line_1_30' title="bbox 463 3653 3135 3748; baseline 0 -28"><span class='ocrx_word' id='word_1_286' title='bbox 463 3661 586 3720; x_wconf 80' lang='lat'>612</span> <span class='ocrx_word' id='word_1_287' title='bbox 630 3653 842 3742; x_wconf 75' lang='grc' dir='ltr'><em>πυρὸς</em></span> <span class='ocrx_word' id='word_1_288' title='bbox 893 3662 1164 3745; x_wconf 84' lang='grc' dir='ltr'><em>βροτοῖς</em></span> <span class='ocrx_word' id='word_1_289' title='bbox 1217 3659 1435 3747; x_wconf 82' lang='grc' dir='ltr'><em>δοτῆρ’</em></span> <span class='ocrx_word' id='word_1_290' title='bbox 1480 3654 1643 3746; x_wconf 80' lang='grc' dir='ltr'><em>ὁρᾶς</em></span> <span class='ocrx_word' id='word_1_291' title='bbox 1681 3657 2095 3748; x_wconf 72' lang='grc' dir='ltr'><em>Προμηθέα,</em></span> <span class='ocrx_word' id='word_1_292' title='bbox 2150 3659 2261 3724; x_wconf 90' lang='lat' dir='ltr'>ubi</span> <span class='ocrx_word' id='word_1_293' title='bbox 2300 3659 2551 3728; x_wconf 80' lang='lat' dir='ltr'>dativus</span> <span class='ocrx_word' id='word_1_294' title='bbox 2592 3661 2863 3742; x_wconf 83' lang='grc' dir='ltr'><em>βροτοῖς</em></span> <span class='ocrx_word' id='word_1_295' title='bbox 2900 3678 2943 3721; x_wconf 80' lang='lat' dir='ltr'>a</span> <span class='ocrx_word' id='word_1_296' title='bbox 2982 3654 3135 3722; x_wconf 83' lang='lat' dir='ltr'>sub-</span> 
     </span>
     <span class='ocr_line' id='line_1_31' title="bbox 463 3774 3136 3864; baseline -0 -24"><span class='ocrx_word' id='word_1_297' title='bbox 463 3775 736 3841; x_wconf 83' lang='lat' dir='ltr'>stantivo</span> <span class='ocrx_word' id='word_1_298' title='bbox 803 3775 1050 3864; x_wconf 79' lang='grc' dir='ltr'><em>δοτῆρα</em></span> <span class='ocrx_word' id='word_1_299' title='bbox 1107 3776 1449 3862; x_wconf 86' lang='lat' dir='ltr'>dependet,</span> <span class='ocrx_word' id='word_1_300' title='bbox 1513 3799 1655 3842; x_wconf 89' lang='lat' dir='ltr'>cum</span> <span class='ocrx_word' id='word_1_301' title='bbox 1713 3777 1973 3843; x_wconf 86' lang='lat' dir='ltr'>verbum</span> <span class='ocrx_word' id='word_1_302' title='bbox 2033 3775 2275 3862; x_wconf 76' lang='grc' dir='ltr'><em>δίδωμι</em></span> <span class='ocrx_word' id='word_1_303' title='bbox 2328 3778 2616 3844; x_wconf 83' lang='lat' dir='ltr'>dativum</span> <span class='ocrx_word' id='word_1_304' title='bbox 2654 3775 2943 3845; x_wconf 78' lang='lat' dir='ltr'>habeat-¹</span> <span class='ocrx_word' id='word_1_305' title='bbox 3034 3774 3136 3840; x_wconf 81' lang='lat' dir='ltr'>Ita</span> 
     </span>
     <span class='ocr_line' id='line_1_32' title="bbox 463 3894 3133 3986; baseline -0.002 -24"><span class='ocrx_word' id='word_1_306' title='bbox 463 3895 858 3982; x_wconf 83' lang='lat' dir='ltr'>substantiva</span> <span class='ocrx_word' id='word_1_307' title='bbox 909 3895 1390 3982; x_wconf 68' lang='lat' dir='ltr'>participiorum</span> <span class='ocrx_word' id='word_1_308' title='bbox 1443 3894 1572 3962; x_wconf 85' lang='lat' dir='ltr'>fere</span> <span class='ocrx_word' id='word_1_309' title='bbox 1627 3918 1888 3964; x_wconf 83' lang='lat' dir='ltr'>munere</span> <span class='ocrx_word' id='word_1_310' title='bbox 1941 3897 2309 3986; x_wconf 79' lang='lat' dir='ltr'>funguntur.</span> <span class='ocrx_word' id='word_1_311' title='bbox 2400 3896 2541 3974; x_wconf 79' lang='lat' dir='ltr'>Qua</span> <span class='ocrx_word' id='word_1_312' title='bbox 2594 3895 2674 3960; x_wconf 90' lang='lat' dir='ltr'>de</span> <span class='ocrx_word' id='word_1_313' title='bbox 2730 3916 2921 3962; x_wconf 81' lang='lat' dir='ltr'>causa</span> <span class='ocrx_word' id='word_1_314' title='bbox 2975 3898 3133 3977; x_wconf 90' lang='lat' dir='ltr'>puto</span> 
     </span>
     <span class='ocr_line' id='line_1_33' title="bbox 464 4013 3137 4102; baseline -0 -24"><span class='ocrx_word' id='word_1_315' title='bbox 464 4015 654 4080; x_wconf 83' lang='lat' dir='ltr'>etiam</span> <span class='ocrx_word' id='word_1_316' title='bbox 695 4013 1082 4098; x_wconf 87' lang='lat' dir='ltr'>genetivum,</span> <span class='ocrx_word' id='word_1_317' title='bbox 1135 4015 1188 4080; x_wconf 90' lang='lat' dir='ltr'>si</span> <span class='ocrx_word' id='word_1_318' title='bbox 1233 4014 1455 4084; x_wconf 87' lang='lat' dir='ltr'>eodem</span> <span class='ocrx_word' id='word_1_319' title='bbox 1496 4014 1686 4084; x_wconf 80' lang='lat' dir='ltr'>modo</span> <span class='ocrx_word' id='word_1_320' title='bbox 1727 4015 2109 4102; x_wconf 79' lang='lat' dir='ltr'>explicatur,</span> <span class='ocrx_word' id='word_1_321' title='bbox 2154 4036 2283 4098; x_wconf 90' lang='lat' dir='ltr'>quo</span> <span class='ocrx_word' id='word_1_322' title='bbox 2329 4015 2607 4094; x_wconf 78' lang='lat' dir='ltr'>dativus,</span> <span class='ocrx_word' id='word_1_323' title='bbox 2652 4034 2766 4081; x_wconf 88' lang='lat' dir='ltr'>suo</span> <span class='ocrx_word' id='word_1_324' title='bbox 2808 4015 2946 4078; x_wconf 88' lang='lat' dir='ltr'>iure</span> <span class='ocrx_word' id='word_1_325' title='bbox 2987 4017 3137 4098; x_wconf 85' lang='lat' dir='ltr'>post</span> 
     </span>
     <span class='ocr_line' id='line_1_34' title="bbox 465 4131 3133 4220; baseline -0.001 -24"><span class='ocrx_word' id='word_1_326' title='bbox 465 4153 693 4198; x_wconf 90' lang='lat' dir='ltr'>nomen</span> <span class='ocrx_word' id='word_1_327' title='bbox 735 4153 958 4216; x_wconf 88' lang='lat' dir='ltr'>regens</span> <span class='ocrx_word' id='word_1_328' title='bbox 999 4134 1150 4218; x_wconf 88' lang='lat' dir='ltr'>poni</span> <span class='ocrx_word' id='word_1_329' title='bbox 1193 4153 1398 4220; x_wconf 82' lang='lat' dir='ltr'>posse.</span> <span class='ocrx_word' id='word_1_330' title='bbox 1484 4133 1584 4198; x_wconf 85' lang='lat' dir='ltr'>Ex</span> <span class='ocrx_word' id='word_1_331' title='bbox 1635 4135 1945 4204; x_wconf 86' lang='lat' dir='ltr'>eiusmodi</span> <span class='ocrx_word' id='word_1_332' title='bbox 2000 4134 2303 4220; x_wconf 83' lang='lat' dir='ltr'>exemplis</span> <span class='ocrx_word' id='word_1_333' title='bbox 2346 4134 2501 4199; x_wconf 85' lang='lat' dir='ltr'>haec</span> <span class='ocrx_word' id='word_1_334' title='bbox 2545 4132 2835 4198; x_wconf 74' lang='lat' dir='ltr'>afferam:</span> <span class='ocrx_word' id='word_1_335' title='bbox 2910 4131 3133 4196; x_wconf 87' lang='lat' dir='ltr'>Aesch.</span> 
     </span>
     <span class='ocr_line' id='line_1_35' title="bbox 467 4247 3136 4341; baseline 0.001 -27"><span class='ocrx_word' id='word_1_336' title='bbox 467 4249 638 4314; x_wconf 81' lang='lat' dir='ltr'>Pers.</span> <span class='ocrx_word' id='word_1_337' title='bbox 694 4255 814 4316; x_wconf 84' lang='grc'>765</span> <span class='ocrx_word' id='word_1_338' title='bbox 859 4247 896 4318; x_wconf 82' lang='grc' dir='ltr'><strong>ὁ</strong></span> <span class='ocrx_word' id='word_1_339' title='bbox 947 4257 1212 4337; x_wconf 84' lang='grc' dir='ltr'><em>πρῶτος</em></span> <span class='ocrx_word' id='word_1_340' title='bbox 1253 4248 1510 4341; x_wconf 76' lang='grc' dir='ltr'><em>ἡγεμών</em></span> <span class='ocrx_word' id='word_1_341' title='bbox 1553 4259 1859 4340; x_wconf 76' lang='grc' dir='ltr'><em>στρατοῦ.</em></span> <span class='ocrx_word' id='word_1_342' title='bbox 1944 4253 2011 4322; x_wconf 88' lang='lat' dir='ltr'>Si</span> <span class='ocrx_word' id='word_1_343' title='bbox 2055 4255 2221 4321; x_wconf 86' lang='lat' dir='ltr'>enim</span> <span class='ocrx_word' id='word_1_344' title='bbox 2276 4254 2637 4338; x_wconf 80' lang='lat' dir='ltr'>genetivum</span> <span class='ocrx_word' id='word_1_345' title='bbox 2678 4254 2965 4338; x_wconf 77' lang='grc' dir='ltr'><em>στρατοῦ</em></span> <span class='ocrx_word' id='word_1_346' title='bbox 3008 4269 3136 4317; x_wconf 85' lang='lat' dir='ltr'>non</span> 
     </span>
     <span class='ocr_line' id='line_1_36' title="bbox 467 4366 3137 4460; baseline 0 -27"><span class='ocrx_word' id='word_1_347' title='bbox 467 4375 602 4433; x_wconf 81' lang='lat' dir='ltr'>tam</span> <span class='ocrx_word' id='word_1_348' title='bbox 641 4390 684 4436; x_wconf 75' lang='lat' dir='ltr'><strong>a</strong></span> <span class='ocrx_word' id='word_1_349' title='bbox 725 4368 1120 4436; x_wconf 75' lang='lat' dir='ltr'>substantivo</span> <span class='ocrx_word' id='word_1_350' title='bbox 1163 4366 1200 4438; x_wconf 82' lang='grc' dir='ltr'><strong>ὁ</strong></span> <span class='ocrx_word' id='word_1_351' title='bbox 1245 4367 1502 4460; x_wconf 77' lang='grc' dir='ltr'><em>ἡγεμὼν</em></span> <span class='ocrx_word' id='word_1_352' title='bbox 1544 4371 2006 4456; x_wconf 88' lang='lat' dir='ltr'>dependentem</span> <span class='ocrx_word' id='word_1_353' title='bbox 2047 4373 2311 4440; x_wconf 78' lang='lat' dir='ltr'>facimus</span> <span class='ocrx_word' id='word_1_354' title='bbox 2328 4422 2342 4451; x_wconf 87' lang='lat'>,</span> <span class='ocrx_word' id='word_1_355' title='bbox 2399 4393 2593 4454; x_wconf 77' lang='lat' dir='ltr'>quam</span> <span class='ocrx_word' id='word_1_356' title='bbox 2636 4392 2677 4436; x_wconf 87' lang='lat' dir='ltr'>a</span> <span class='ocrx_word' id='word_1_357' title='bbox 2721 4371 3007 4447; x_wconf 87' lang='lat' dir='ltr'>notione,</span> <span class='ocrx_word' id='word_1_358' title='bbox 3062 4374 3137 4434; x_wconf 90' lang='lat' dir='ltr'>ut</span> 
     </span>
     <span class='ocr_line' id='line_1_37' title="bbox 468 4484 3138 4575; baseline 0 -21"><span class='ocrx_word' id='word_1_359' title='bbox 468 4489 561 4554; x_wconf 82' lang='lat' dir='ltr'>ita</span> <span class='ocrx_word' id='word_1_360' title='bbox 603 4487 838 4566; x_wconf 72' lang='lat' dir='ltr'>dicam,</span> <span class='ocrx_word' id='word_1_361' title='bbox 884 4489 1058 4556; x_wconf 89' lang='lat' dir='ltr'>verbi</span> <span class='ocrx_word' id='word_1_362' title='bbox 1115 4484 1464 4575; x_wconf 74' lang='grc' dir='ltr'><em>ἡγεῖσθαι,</em></span> <span class='ocrx_word' id='word_1_363' title='bbox 1520 4489 1676 4556; x_wconf 89' lang='lat' dir='ltr'>nihil</span> <span class='ocrx_word' id='word_1_364' title='bbox 1733 4490 1985 4558; x_wconf 83' lang='lat' dir='ltr'>molesti</span> <span class='ocrx_word' id='word_1_365' title='bbox 2037 4492 2201 4558; x_wconf 88' lang='lat' dir='ltr'>inest</span> <span class='ocrx_word' id='word_1_366' title='bbox 2257 4492 2325 4556; x_wconf 90' lang='lat' dir='ltr'>in</span> <span class='ocrx_word' id='word_1_367' title='bbox 2376 4511 2453 4562; x_wconf 83' lang='lat' dir='ltr'>ea</span> <span class='ocrx_word' id='word_1_368' title='bbox 2493 4489 2935 4568; x_wconf 77' lang='lat' dir='ltr'>collocatione,</span> <span class='ocrx_word' id='word_1_369' title='bbox 2994 4507 3138 4560; x_wconf 80' lang='lat' dir='ltr'>cum</span> 
     </span>
    </p>
   </div>
   <div class='ocr_carea' id='block_1_4' title="bbox 477 4647 885 4657">
    <p class='ocr_par' dir='ltr' id='par_1_4' title="bbox 477 4647 885 4657">
     <span class='ocr_line' id='line_1_38' title="bbox 477 4647 885 4657; baseline 0 527"><span class='ocrx_word' id='word_1_370' title='bbox 477 4647 885 4657; x_wconf 95' lang='lat' dir='ltr'> </span> 
     </span>
    </p>
   </div>
   <div class='ocr_carea' id='block_1_5' title="bbox 602 4741 2483 4813">
    <p class='ocr_par' dir='ltr' id='par_1_5' title="bbox 602 4741 2483 4813">
     <span class='ocr_line' id='line_1_39' title="bbox 602 4741 2483 4813; baseline 0.001 -17"><span class='ocrx_word' id='word_1_371' title='bbox 602 4745 648 4811; x_wconf 88' lang='lat'>¹)</span> <span class='ocrx_word' id='word_1_372' title='bbox 703 4743 818 4798; x_wconf 86' lang='lat' dir='ltr'>Hoc</span> <span class='ocrx_word' id='word_1_373' title='bbox 851 4743 1152 4812; x_wconf 83' lang='lat' dir='ltr'>exemplum</span> <span class='ocrx_word' id='word_1_374' title='bbox 1186 4746 1245 4799; x_wconf 87' lang='lat' dir='ltr'>et</span> <span class='ocrx_word' id='word_1_375' title='bbox 1281 4741 1396 4800; x_wconf 79' lang='lat' dir='ltr'>alia.</span> <span class='ocrx_word' id='word_1_376' title='bbox 1427 4743 1589 4802; x_wconf 70' lang='lat' dir='ltr'>affert</span> <span class='ocrx_word' id='word_1_377' title='bbox 1621 4743 1899 4813; x_wconf 77' lang='lat' dir='ltr'>Krtigerus</span> <span class='ocrx_word' id='word_1_378' title='bbox 1934 4743 1969 4798; x_wconf 93' lang='lat'>1.</span> <span class='ocrx_word' id='word_1_379' title='bbox 2006 4759 2050 4798; x_wconf 90' lang='lat' dir='ltr'>c.</span> <span class='ocrx_word' id='word_1_380' title='bbox 2087 4743 2156 4812; x_wconf 91' lang='lat'>11,</span> <span class='ocrx_word' id='word_1_381' title='bbox 2192 4744 2277 4811; x_wconf 83' lang='lat'>48,</span> <span class='ocrx_word' id='word_1_382' title='bbox 2321 4747 2399 4812; x_wconf 78' lang='lat'>12,</span> <span class='ocrx_word' id='word_1_383' title='bbox 2438 4746 2483 4798; x_wconf 87' lang='lat'>1.</span> 
     </span>
    </p>
   </div>
  </div>
 </body>
</html>
