3559 5184
1659 100 1737 168 22

353 375 494 454 Apl.
557 378 680 442 967
755 372 832 448 τὸ
904 373 1123 451 κοινὸν
1195 367 1434 453 αἷῖξειν,
1503 362 1595 440 ὦν
1661 373 1802 458 μέτ’
1862 371 2361 462 ἐστρατευόμην.
2454 373 2675 456 fragm.
2732 378 2884 452 362,
2954 379 3035 438 :35

352 492 614 573 πόλεως
655 488 960 580 θανούσῃ
1000 493 1176 585 τῆςὸ
1219 490 1386 581 ὅπερ
1430 490 1813 582 δοθήσεται.
2909 499 2914 504 ’

582 613 700 681 Η10
757 615 954 696 igitur
995 623 1238 696 septem
1296 615 1449 680 10010
1493 615 1873 696 praepositio
1918 615 1981 678 in
2022 613 2411 695 anastropha
2452 633 2578 690 non
2622 614 2709 676 in·
2731 612 2855 676 fine
2898 633 3036 676 ver-

355 754 540 798 suum
597 733 806 814 posita
840 741 974 798 est.
1053 733 1339 816 Dignum
1393 741 1610 800 autem
1665 740 1792 812 est,
1848 733 2019 814 quod
2074 731 2609 810 commemoretur,
2664 752 2878 799 omnes
2921 731 3037 796 1100

353 851 524 918 10000
573 858 823 921 exstare
863 852 927 916 in
971 851 1202 917 fabulis
1247 852 1510 921 alterius
1552 852 1807 930 ordinis,
1864 853 1974 934 qui
2018 853 2203 935 vulgo
2247 853 2623 928 nominatur,
2668 851 2845 915 cuius
2888 850 3036 915 libri

353 971 698 1036 deteriores
735 977 901 1049 sunt,
945 991 1138 1051 quam
1183 972 1407 1052 prioris
1445 972 1684 1036 ordinis
1724 971 2084 1036 fabularum
2127 963 2630 1052 Euripidearum.

581 1089 918 1156 Praeterea
959 1088 1072 1154 illa
1113 1089 1442 1157 collocat-io
1485 1091 1692 1156 tribus
1733 1090 1887 1155 locis
1918 1091 2277 1160 coniectura
2317 1090 2455 1154 iure
2485 1096 2743 1168 recepta
2769 1087 3034 1166 videtur,

351 1207 483 1286 100.
527 1213 649 1288 431
711 1201 863 1297 ἤτοι
923 1203 1216 1295 φιλοῦσά
1259 1209 1332 1294 γ’,
1399 1198 1477 1296 ἧς
1531 1207 1702 1298 ὓπερ
1753 1206 2211 1294 μαντεύσεται,
2270 1208 2442 1290 quod
2484 1207 2880 1290 Musgravius
2925 1227 3037 1288 pro

354 1331 468 1415 γῆς
528 1322 1134 1412 ὓπερμαντεύσεται
1187 1323 1439 1408 scripsit
1481 1327 1971 1410 Dindorfiusque
2034 1329 2287 1409 recepit.
2376 1301 2697 1397 Nauckius
2754 1326 3038 1392 codicum

353 1446 732 1527 scriptu—ram
797 1441 1404 1532 ὖπερμαντεύσεται
1457 1448 1716 1527 retinet,
1773 1469 2161 1530 quamquam
2222 1446 2343 1512 hoc
2382 1445 2646 1516 verbum
2701 1443 2875 1510 nullo
2915 1445 3039 1514 alio

355 1563 491 1628 1000
515 1571 748 1640 exstat.
813 1563 1038 1646 Itaque
1067 1586 1194 1631 non
1237 1572 1350 1642 est,
1396 1586 1508 1632 cur
1535 1563 1880 1648 Musgravii
1922 1566 2343 1630 coniecturam
2376 1587 2502 1632 non
2522 1541 2922 1646 recipiamus.
2958 1603 3036 1611 --

355 1682 598 1749 Deinde
644 1682 814 1766 Cycl.
859 1705 914 1746 v.
963 1687 1086 1746 318
1147 1683 1577 1762 Hermannus,
1618 1705 1821 1768 ,quem
1862 1683 2229 1750 Dindorfius
2276 1685 2586 1766 sequitur,
2642 1683 2895 1764 scripsit
2958 1671 3039 1760 ἃς

359 1796 515 1866 κᾶθ’
557 1799 848 1888 ἵδρυται·
875 1797 1113 1890 πατήρ,
1172 1802 1344 1884 (10οᾱ
1387 1821 1644 1868 sensum·
1683 1804 1887 1885 magis
1927 1803 2220 1868 idoneum
2270 1791 2557 1884 praebet,
2619 1821 2730 1883 pro
2771 1801 3038 1868 lectione

355 1921 600 1988 tradita
645 1912 725 1999 ἃς
767 1918 1172 2007 καθίδρυται
1215 1916 1453 2010 πατήρ.
1532 1922 1745 1990 Etiam
1786 1922 1961 1988 elisio
2007 1922 2501 2004 praepositionis,
2543 1935 2933 2003 quamquam·
2972 1915 3037 1984 in
3144 1919 3151 1926 ’

355 2039 498 2105 fine·
529 2060 817 2111 versuum
861 2056 987 2106 non
1023 2040 1300 2109 admissa
1343 2047 1468 2119 est,
1525 2042 1696 2107 intra
1739 2061 2010 2106 versum.
2030 2041 2348 2107 invenitur
2388 2039 2485 2106 El.
2510 2044 2657 2104 ’(374
2700 2045 2768 2103 01
2806 2038 3035 2112 Bacch.

361 2161 478 2220 732
541 2162 606 2221 01
655 2158 728 2220 111
779 2159 1053 2224 carmine
1111 2181 1151 2226 a
1203 2159 1406 2224 choro·
1434 2167 1688 2224 cantato
1745 2159 1936 2240 Hipp.
1986 2165 2106 2226 549
2154 2158 2293 2246 (sed
2348 2175 2427 2224 ex
2471 2157 3037 2226 connectura'Mat-

355 2274 598 2360 thiaei).
633 2313 710 2322 —
744 2275 996 2358 Fragm.
1017 2281 1157 2356 362,
1200 2283 1268 2342 18
1303 2278 1668 2343 Dindorfius
1697 2277 2081 2342 Meinekium
2110 2285 2361 2343 secutus
2398 2277 2681 2358 scripsit:
2728 2273 3035 2358 προπάν-

355 2419 486 2464 των
527 2391 686 2476 μίαν
730 2392 900 2480 ὕπερ
945 2397 1177 2474 δοῦναι
1219 2402 1472 2474 θανεῖν,
1523 2397 1768 2462 codices
1815 2397 2117 2462 exhibent
2161 2396 2295 2480 πρὸ
2336 2392 2604 2462 πάντων
2646 2403 2711 2460 01
2754 2395 3036 2476 plerique

356 2509 782 2598 ὑπερδοῦναι.
869 2513 1219 2597 Wagnerus
1275 2516 1342 2582 in
1399 2516 1674 2591 editione
1730 2515 2225 2597 fragmentorum
2278 2497 2663 2596 tragicorum
2704 2514 2881 2592 nulla
2922 2536 3035 2580 an-

355 2634 678 2700 notatione
702 2633 942 2701 addita
981 2633 1206 2700 scribit
1261 2632 1392 2718 πρὸ
1451 2629 1719 2708 πάντων
1773 2633 1935 2718 μίαν
1975 2632 2146 2719 ὑπὲρ
2192 2636 2421 2700 δοῖ-’ναι
2473 2638 2724 2711 θανεῖν,
2782 2640 2855 2706 ut
2899 2655 3034 2698 ver—

357 2751 509 2825 bum
554 2747 722 2836 ὑπέρ
766 2752 830 2819 in
877 2753 1059 2828 tmesi
1105 2760 1394 2833 ponatur.
1483 2753 1608 2820 Sed
1652 2755 1756 2817 vix
1801 2761 1954 2835 puto
1996 2753 2365 2834 Euripidem
2408 2751 2641 2818 dixisse
2686 2751 2817 2838 πρὸ
2862 2747 3034 2817 ποίν-

353 2895 485 2936 των
527 2866 951 2955 ὑπερθανεῖν,
997 2871 1108 2935 00(1
1150 2879 1264 2936 aut
1309 2869 1442 2957 πρὸ
1488 2868 1756 2941 πάντων
1786 2878 2019 2940 θανεῖν
2048 2879 2161 2948 aut
2194 2867 2597 2957 προπάν-τὼν
2635 2865 3035 2954 ὑπερθανεῖν

353 2988 692 3057 dicendum
733 2997 899 3067 erat,
953 3011 1156 3071 neque
1199 2991 1415 3056 tmesis
1458 2984 1624 3074 ὕπερ
1645 2996 1925 3059 -θανεῖν
1966 2992 2336 3074 interposito
2377 2990 2569 3066 verbo
2604 2991 2831 3061 δοῖ-ναι
2876 2990 3033 3054 bene

357 3129 424 3182 00
464 3106 679 3176 habet.
769 3109 974 3188 Quam
1017 3108 1099 3173 ob
1141 3129 1276 3174 rem
1319 3108 1614 3174 Meinekii
1659 3110 2082 3176 coniecturam
2125 3111 2547 3192 recipiendam
2591 3130 2827 3180 censeo-

581 3227 794 3308 Atque
835 3228 891 3302 si
934 3229 1310 3309 (1000111000,
1355 3249 1467 3292 001·
1496 3227 1719 3300 Αο0011.
1767 3227 1959 3310 Soph.
2004 3228 2157 3293 Eur.
2204 3229 2729 3310 praepositionem
2772 3229 2837 3294 in
2878 3249 3030 3296 ana-

357 3344 621 3425 strophe.
675 3347 945 3426 positam
1001 3367 1247 3426 semper
1301 3346 1430 3412 fere
1459 3347 1548 3410 ’111
1590 3347 1715 3410 fine
1757 3368 2053 3412 versuum
2104 3348 2602 3425 collocaverint,¹
2667 3369 2742 3422 ea
2784 3347 3032 3410 videtur

358 3462 548 3527 huius
597 3465 690 3527 rei
745 3485 936 3528 causa
988 3463 1204 3543 fuisse,
1262 3472 1337 3528 ut
1388 3485 1611 3546 pausa,
1668 3486 1832 3547 quae
1886 3467 2053 3530 inter
2106 3467 2384 3548 singulos
2419 3445 2641 3534 versus
2678 3464 3035 3535 recitandos

354 3581 706 3660 intercedit,
749 3581 984 3648 clarius
1023 3582 1154 3660 fiat,
1215 3584 1740 3665 praepositionem
1783 3605 1907 3648 non
1950 3584 2033 3650 ad
2076 3605 2151 3650 ea
2193 3584 2401 3662 verba,
2459 3606 2622 3666 quae
2666 3591 3035 3666 sequuntur,

355 3700 466 3771 sed
506 3701 592 3772 ad
613 3717 721 3778 oa,
766 3722 930 3782 quae
970 3702 1367 3784 praecedunt,
1413 3723 1548 3767 esse
1591 3701 2004 3768 referendam.
2075 3701 2149 3768 In
2179 3704 2268 3768 010
2297 3723 2441 3767 vero
2483 3702 2635 3768 10010
2663 3702 3035 3784 EuripideiS,

355 3819 586 3902 quihus
625 3821 1003 3902 praepositio
1047 3841 1174 3885 non
1217 3821 1451 3889 in''fine
1493 3842 1789 3886 versuum
1836 3821 2141 3892 collocata
2180 3828 2295 3899 est,
2336 3843 2474 3886 eam
2520 3843 2772 3894 causam
2812 3821 3037 3886 afferre

354 3949 479 4010 non
523 3959 888 4020 possumus3
935 3945 1150 4007 tamen
1188 3939 1472 4012 videmus
1516 3939 1885 4022 Euripidem
1928 3940 2033 4005 hic
2075 3939 2288 4020 paullo
2324 3939 2786 4022 diligentiorem
2828 3940 3037 4017 fuisse,

353 4078 498 4122 cum
564 4056 670 4122 hic
727 4059 1254 4138 praepos-itionem
1310 4058 1483 4126 nullo
1539 4058 1664 4127 alio
1721 4060 1915 4125 verbo
1968 4033 2343 4142 interposito
2388 4057 2529 4140 post
2571 4057 3040 4136 substantivum

281 4217 292 4228 -
356 4174 708 4254 collocaret,
751 4182 825 4241 ut
854 4176 986 4240 Ion.
1019 4182 1160 4254 431,
1203 4176 1343 4242 Hel.
1381 4181 1514 4256 750,
1558 4177 1656 4242 El.
1693 4183 1833 4259 574,
1887 4185 2059 4258 1125,
2102 4178 2331 4246 Bacch.
2368 4181 2507 4256 732,-
2550 4177 2690 4258 Iph.
2722 4177 2865 4244 Aul.
2900 4181 3039 4255 967,

361 4293 534 4378 cycl.
581 4299 722 4373 318,
766 4294 988 4377 fragm.
1038 4300 1182 4374 362,
1244 4301 1324 4360 35
1371 4295 1782 4379 (attributum
1827 4298 1993 4362 enim
2034 4298 2101 4367 in
2143 4297 2265 4374 hac
2304 4319 2373 4364 re
2414 4295 2665 4361 nullum
2708 4296 3042 4362 discrimen

489 4499 534 4565 Ι)
591 4497 706 4550 Ηο0
747 4496 904 4550 enim
955 4513 1063 4551 non
1113 4497 1423 4552 inconsulto
1469 4499 1678 4553 factum
1711 4515 1846 4567 esse,
1896 4501 2017 4554 luce
2057 4499 2257 4554 clarius
2294 4504 2523 4568 apparet
2560 4515 2627 4554 ex
2663 4500 2762 4552 hoc
2798 4499 2913 4552 loco
2950 4500 3042 4552 So-

353 4582 575 4649 phocleo
611 4585 742 4637 Ant.
777 4585 874 4638 681
929 4581 1062 4656 ἡμῖν
1106 4585 1213 4656 μὲν
1246 4614 1316 4623 -
1362 4583 1372 4654 Ι
1403 4586 1582 4655 λέγειν
1631 4582 1989 4656 φρονούντως
2036 4574 2116 4639 ὦν
2153 4587 2322 4656 ὶέγενς
2362 4587 2540 4646 δοκεῖς
2577 4591 2721 4654 πέρι,
2760 4585 2853 4638 ubi
2888 4600 3043 4653 prae-

354 4668 554 4738 ‘positio
589 4669 673 4724 vel
708 4685 776 4723 ex
810 4670 1102 4724 enuntiato
1135 4669 1367 4725 relativo
1403 4669 1682 4737 eximitur,
1718 4675 1780 4724 ut
1818 4675 2121 4724 extremum
2157 4687 2339 4729 versus
2374 4671 2551 4726 locum
2588 4675 2795 4728 teneat.
