3559 5184
1815 173 1895 232 35

519 437 893 502 adjectivum
949 436 1018 500 in
1071 437 1425 503 accusativo
1478 457 1619 503 cum
1674 438 1985 504 infinitivo
2041 439 2470 525 praedicatum
2530 438 2663 503 fiat.
2746 437 2895 503 Loci
2952 436 3021 501 hi
3064 437 3190 503 fere

521 561 702 620 sunt:
777 553 969 640 Soph.
1014 554 1161 622 Ant.
1209 561 1330 621 593
1385 551 1626 642 ἀρχαῖα
1683 555 1767 622 τὰ
1807 559 2255 642 Λαβδακιδᾶν
2299 551 2498 622 οἷ’κων
2540 553 2889 644 φθιμένων
2932 551 3193 641 ὁρῶμαι

522 669 766 762 πήματ’
785 741 794 746 ,
811 671 924 740 ἐπὶ
983 669 1246 762 πήμασι
1300 671 1654 742 πίπτοντα.
1743 675 1811 742 Si
1869 676 2026 742 haec
2068 677 2285 754 verba,
2345 697 2509 757 quae
2565 696 2691 740 non
2742 682 2913 740 recte
2954 674 3193 740 tradita

481 793 506 812 “
522 792 831 870 videntur,
873 793 1200 871 vertimus,
1235 793 1420 858 'haec'
1451 793 1582 860 fere
1625 796 1941 860 sententia
1984 802 2113 860 est:
2183 794 2380 860 Video
2420 795 2716 875 antiquas
2760 814 2895 859 esse
2937 793 3192 859 calami-

523 918 689 976 tates
737 911 960 977 domus
1006 910 1504 977 Labdacidarum
1525 964 1540 992 ,
1597 934 1762 996 quae
1818 914 1901 980 ad
1945 913 2337 978 calamitates
2391 920 2775 978 mortuorum
2820 912 3181 978 accedunt.¹

521 1029 673 1094 Eur.
718 1028 910 1116 Hipp.
956 1035 1078 1096 405
1121 1029 1200 1099 τὸ
1242 1031 1297 1096 δ’
1341 1019 1528 1118 ἔργον
1579 1025 1706 1122 ᾔδη
1749 1031 1865 1120 τὴν
1907 1027 2104 1099 νόσον
2144 1057 2217 1098 τε
2256 1031 2569 1098 δυσκλεᾶς
2640 1032 2910 1097 sciebam
2955 1051 3087 1096 rem
3128 1037 3194 1096 et

525 1149 810 1214 morbum
869 1149 1160 1216 infamem
1221 1170 1378 1228 esse,
1435 1152 1711 1236 pertinet
1767 1153 1961 1231 enim,
2022 1152 2077 1215 si
2134 1151 2505 1216 sententiam
2564 1151 2765 1235 ipsam
2811 1150 3193 1234 respicimus,

527 1268 808 1334 δυσκλεᾶ
847 1269 1034 1334 etiam
1083 1268 1166 1334 ad
1208 1289 1415 1335 vocem
1465 1265 1674 1356 ἔργον,
1713 1277 1788 1334 ut
1831 1271 2017 1336 etiam
2064 1291 2139 1334 ea
2180 1269 2261 1334 de
2302 1289 2492 1335 causa
2523 1267 2785 1334 moleste
2816 1289 2883 1334 se
2915 1269 3193 1345 haberet,

523 1387 578 1450 si
621 1386 858 1452 dictum
903 1394 1068 1452 esset
1109 1387 1225 1475 τὴν
1268 1389 1548 1454 δυσκλεᾶ
1592 1383 1809 1456 νόσον.
1888 1389 2085 1453 Andr.
2132 1393 2211 1453 98
2258 1382 2531 1476 στερρόν
2571 1411 2643 1452 τε
2685 1385 2801 1453 τὸν
2844 1385 3002 1471 ἐμὸν
3046 1384 3195 1454 δαΐ-

521 1529 694 1589 μονα
711 1555 730 1583 ,
794 1527 958 1586 quae
1000 1506 1194 1571 verba
1248 1507 1606 1592 dependent
1647 1528 1688 1572 a
1729 1508 1921 1572 verbo
1964 1505 2211 1574 στένειν
2270 1514 2353 1587 (v.
2399 1511 2535 1586 96),
2602 1513 2677 1570 ut
2718 1507 3032 1572 sententia
3072 1509 3189 1574 sit:

510 1625 703 1706 queri
755 1645 986 1690 numen
1045 1645 1246 1690 meum
1302 1624 1596 1691 infestum
1651 1647 1804 1691 esse.
1889 1625 2073 1690 Herc.
2118 1625 2237 1690 fur.
2286 1630 2405 1690 805
2464 1623 2776 1711 λαμπρὰν
2819 1625 2875 1691 δ’
2920 1619 3115 1706 ἔδειξ’
3158 1619 3195 1692 ὁ

523 1737 756 1829 χρόνος
807 1741 931 1809 τὰν
966 1736 1369 1829 (Ηρακλέους
1421 1739 1646 1810 ἀλκάν.
1733 1744 1961 1810 Bacch.
2008 1749 2129 1808 634
2182 1739 2622 1829 πικροτάτους
2662 1739 2873 1810 ἰδόντι
2917 1742 3200 1829 δεσμοὺς

526 1859 680 1940 τοὺς
722 1857 941 1945 ἐμούς.

755 1981 1064 2046 Omnibus
1116 1981 1338 2062 igitur‚·
1381 2001 1540 2063 quos
1597 1981 1807 2046 adhuc
1858 1981 2077 2060 attuli,
2132 1981 2284 2046 locis
2337 1981 2711 2047 adjectivum
2769 1981 2957 2046 modo
2996 1981 3200 2046 artius

529 2098 711 2164 modo
757 2100 960 2165 minus
1001 2106 1140 2164 arte
1181 2119 1320 2165 cum
1353 2100 1544 2165 verbo
1585 2100 1897 2166 cohaeret.
1975 2099 2249 2164 Transeo
2286 2120 2454 2163 nunc
2479 2099 2563 2164 ad
2604 2119 2709 2164 eos
2741 2098 2926 2178 locos,
2968 2098 3201 2179 quibus

529 2216 900 2284 adiectivum
963 2218 1048 2284 ad
1101 2219 1560 2284 substantivum
1619 2219 2010 2285 referendum
2072 2226 2190 2297 est,
2264 2218 2376 2284 sed
2426 2238 2565 2283 cum
2637 2218 3057 2302 praedicative
3117 2219 3202 2282 sit

529 2335 897 2402 collocatum
915 2387 930 2414 ‚
995 2337 1235 2401 indicat
1300 2339 1608 2404 rationem
1675 2338 1993 2419 quandam
2052 2337 2441 2402 intercedere
2491 2338 2657 2400 inter
2708 2337 3083 2401 adjectivum
3138 2343 3204 2401 et

529 2454 990 2522 substantivum
1006 2507 1021 2534 ,
1083 2477 1271 2536 quam
1325 2458 1630 2522 rationem
1689 2458 1740 2522 si
1798 2447 2006 2522 verbis
2062 2457 2411 2541 exprimere
2454 2454 2740 2521 volumus
2754 2505 2769 2533 ‚
2825 2455 3201 2521 adjectivum

530 2574 890 2640 solvendum
915 2582 1012 2640 est
1040 2577 1108 2639 in
1129 2575 1748 2658 enuntiatum,⁷quod
1781 2576 2007 2661 incipit
2040 2597 2079 2640 a
2110 2575 2656 2640 coniunctionibus
2683 2593 2845 2652 nam,
2875 2576 2945 2652 si,
2980 2593 3203 2654 quam-

459 2781 468 2790 .
529 2714 716 2775 quam
761 2700 879 2758 etc.
969 2693 1292 2760 Eiusmodi
1334 2694 1456 2760 loci
1497 2701 1645 2760 sunt
1688 2693 1913 2759 Aesch.
1958 2693 2178 2780 Suppl.
2226 2699 2303 2758 28
2363 2691 2620 2774 δέξαιθ’
2664 2689 2878 2779 ἱκέτην
2916 2690 3031 2758 τὸν
3072 2697 3205 2779 θή-

533 2813 760 2901 λυγενῆ
819 2808 1085 2890 στόλον,
1157 2814 1422 2898 recipiat
1487 2812 1740 2879 turbam
1812 2813 2135 2879 mulierum
2152 2864 2167 2892 ‚
2238 2834 2375 2879 cum
2426 2811 2697 2898 supplex
2764 2812 2865 2876 sit.
2950 2810 3211 2876 Poterat

533 2930 878 3014 Aeschylus
923 2933 1110 2998 etiam
1156 2933 1394 2996 dicere:
1450 2929 1568 2998 τὸν
1613 2927 1828 3018 ἱκέτην
1871 2933 2199 3019 θηλυγενῆ
2249 2927 2505 3009 στόλον,
2566 2929 2817 2995 turbam
2862 2929 3206 3014 supplicem

537 3049 860 3116 mulierum
877 3101 892 3129 ‚
959 3051 1070 3116 sed
1142 3072 1282 3117 cum
1337 3042 1712 3116 adiectivum
1768 3050 2191 3135 praedicative
2240 3050 2524 3136 posuerit
2537 3099 2552 3128 ‚
2620 3069 2835 3134 preces
2878 3048 3208 3114 mulierum

534 3168 1028 3234 vehementiores
1071 3170 1236 3248 facit,
1278 3191 1420 3236 nam
1467 3169 1654 3235 simul
1697 3189 1947 3235 causam
1992 3171 2188 3248 addit,
2244 3191 2356 3235 cur
2396 3190 2503 3234 eas
2546 3188 2671 3234 non
2713 3167 2991 3253 recipere
3036 3166 3209 3232 nefas

535 3289 637 3352 sit.
721 3288 904 3354 Eum.
951 3294 1072 3352 653
1129 3287 1205 3355 τὸ
1259 3287 1507 3375 μητρὸς
1567 3278 1703 3371 αἷμ’
1746 3284 2036 3373 ὅμαιμον
2091 3286 2319 3371 ἐκχέας
2357 3285 2588 3366 πέδοι,
2648 3287 2869 3352 matris
2908 3306 3209 3364 cruorem,

533 3428 914 3488 quamquam
957 3416 1278 3491 cognatus,
1322 3409 1815 3490 consanguineus
1854 3413 2009 3485 erat,
2054 3408 2121 3469 in
2165 3406 2421 3472 humum
2464 3405 2866 3492 profundens.
2938 3403 3039 3470 Ita
3082 3404 3209 3470 duo

536 3524 730 3590 verba
744 3577 759 3605 ‚
816 3547 979 3609 quae
1022 3533 1426 3612 opponuntur
1477 3527 1644 3592 inter
1685 3547 1779 3604 se,
1842 3521 2133 3610 ὅμαιμον
2182 3533 2247 3591 et
2300 3522 2555 3608 ἐκχέας,
2626 3531 2701 3588 ut
2756 3524 3207 3609 oppositionem

536 3643 955 3726 facinorisque
1008 3646 1405 3712 atrocitatem
1463 3646 1661 3727 magis
1721 3647 2101 3730 exprimeret
2114 3696 2129 3725 ‚
2196 3645 2544 3728 Aeschylus
2600 3643 2941 3708 coniunxit.
3026 3641 3209 3707 Eum.

544 3767 576 3826 7
582 3768 661 3825 30
719 3761 864 3848 ἑμεῖ
916 3763 1031 3830 τὸν
1085 3761 1187 3830 ἱὸν
1246 3759 1438 3830 οὐδὲν
1496 3762 1835 3849 ἐχθροῖσιν
1886 3759 2114 3849 βαρύν,
2184 3764 2382 3830 vomis
2423 3781 2723 3827 venenum
2741 3812 2757 3841 ‚
2827 3781 3207 3841 quamquam

537 3880 825 3946 hostibus
882 3884 1134 3948 noxium
1191 3905 1316 3948 non
1369 3889 1485 3948 est.
1573 3882 1766 3967 Soph.
1809 3883 1907 3945 Ai.
1968 3886 2089 3946 980
2144 3875 2319 3967 ὤμοι
2371 3877 2647 3967 βαρείας
2705 3872 2838 3967 ἆρα
2894 3885 3010 3968 τῆς
3052 3877 3211 3964 ἐμῆς

538 3996 749 4087 τύχης.
814 4001 950 4067 Hoc
992 4003 1128 4068 loco
1169 3999 1444 4088 βαρείας
1483 4021 1730 4067 causam
1776 4000 1953 4065 verbi
1996 3993 2171 4085 ὤμοι
2210 3999 2411 4078 affert,
2456 4008 2528 4066 ut
2564 3999 2879 4065 sententia
2920 4000 3033 4064 sit:
3079 4020 3208 4078 vae,

537 4119 848 4186 lamentor
891 4122 1071 4198 enim,
1127 4141 1264 4186 cum
1315 4120 1576 4186 molesta
1619 4119 1770 4184 mihi
1812 4121 1899 4184 sit
1954 4119 2223 4184 fortuna.
2312 4120 2459 4183 Ant.
2515 4122 2670 4182 1327
2718 4112 3041 4202 βράχιστα
3084 4115 3207 4204 γὰρ

541 4234 858 4324 κράτιστα
912 4235 1035 4306 τάν
1091 4238 1291 4306 ποσὶν
1347 4234 1544 4305 nauci:
1605 4238 1772 4304 mala
1830 4240 2188 4324 praesentia
2246 4240 2486 4325 optima
2526 4243 2691 4315 sunt,
2746 4236 2799 4300 si
2843 4234 3210 4302 brevissima

539 4364 708 4424 sunt.
793 4358 893 4422 El.
947 4364 1060 4424 133
1114 4358 1204 4448 μὴ
1246 4352 1323 4424 οὗ
1367 4356 1483 4424 τὸν
1525 4355 1686 4441 ἐμὸν
1731 4352 2063 4439 στενάχειν
2107 4354 2336 4443 πατέρ’
2380 4350 2652 4423 ἄθλιονε
2694 4375 2832 4420 cum
2874 4355 3063 4421 miser
3104 4355 3207 4420 sit.

539 4475 691 4540 Eur.
724 4475 950 4541 Troad.
986 4483 1108 4542 469
1155 4476 1394 4555 κακοὺς
1431 4475 1552 4560 μὲν
1595 4470 1904 4542 ἀνακαλῶ
1948 4475 2104 4555 τοὺς
2146 4471 2542 4561 ξυμμάχους,
2586 4493 2967 4557 quamquam
3000 4473 3209 4554 ignavi

675 4732 719 4798 1)
779 4731 845 4784 cf.
883 4730 1120 4784 Nauckii
1157 4729 1572 4786 adnotationem
1608 4729 1680 4784 ad
1715 4729 1860 4784 hunc
1896 4730 2085 4785 locum.
