3559 5184
1797 117 1877 184 32

488 408 632 456 eum
684 387 860 456 verbi
915 386 1080 456 actio
1135 387 1397 456 accedit.
1493 387 1630 456 Hac
1682 413 1753 456 re
1812 400 2107 476 apparet,
2184 391 2563 458 adiectivum
2618 412 2742 461 non
2802 391 3172 480 significare,

492 487 683 594 quale
713 512 798 576 sit
826 509 1309 590 substantivum,
1354 511 1466 576 sed
1496 510 1811 592 quomodo
1841 513 2007 576 actio
2037 512 2211 576 verbi
2249 513 2311 576 in
2346 513 2739 580 substantivo
2768 535 2837 582 se
2868 519 3177 584 ostendat.

490 629 768 695 Verbum
809 636 1037 708 autem,
1097 630 1268 711 quod
1309 631 1374 693 iu
1416 630 1518 696 his
1559 631 1862 713 exemplis
1904 639 2129 710 exstat,
2189 631 2561 714 plerumque
2606 629 2775 716 ἔχειν
2818 644 2929 715 est,
2974 638 3173 702 inter-

487 749 640 812 dum
699 751 891 813 etiam
945 747 1072 813 alia
1124 748 1318 813 verba
1375 750 1797 814 inveniuntur.
1889 749 2013 815 Sed
2046 750 2243 828 haec,
2303 771 2465 831 quae
2508 753 2573 816 in
2618 754 2979 819 universum
3022 756 3171 836 dixi,

487 867 747 950 singulis
789 867 942 932 locis
986 867 1216 931 clarius
1260 869 1744 950 perspiciuntur.

715 985 906 1069 Soph.
936 985 1090 1050 Oed.
1124 985 1254 1050 Col.
1299 993 1454 1050 1199
1501 983 1670 1069 ἔχεις
1712 986 1836 1074 γὰρ
1886 981 2032 1069 οὐχὶ
2071 987 2239 1070 βαιὰ
2284 981 2793 1078 τᾶνθυμήματα.
2864 989 3001 1054 Hoc
3031 991 3169 1055 loco

485 1105 742 1170 consilio
784 1112 922 1169 tum
968 1104 1222 1169 demum
1264 1105 1540 1186 qualitas
1584 1106 1897 1187 quaedam
1941 1105 2139 1169 tribui
2182 1112 2406 1189 potest,
2453 1108 2505 1170 si
2549 1109 2693 1189 quis
2737 1109 2803 1172 id
2840 1108 3167 1172 consilium

453 1225 458 1230 ’
487 1225 668 1306 cepit,
710 1223 984 1305 qualitas
1023 1224 1220 1305 igitur
1261 1245 1385 1288 non
1429 1225 1494 1287 in
1541 1225 1678 1307 ipso
1721 1225 1979 1290 consilio
2010 1246 2075 1289 se
2106 1225 2399 1303 ostendit,
2440 1226 2550 1289 sed
2593 1226 2658 1289 in
2688 1227 2991 1309 capiendo
3022 1248 3166 1292 con-

487 1343 642 1406 silio.
737 1340 872 1406 Hoc
929 1343 1124 1424 igitur
1176 1343 1314 1407 loco
1369 1350 1510 1408 tum
1551 1331 1808 1408 demum
1850 1344 2179 1408 consilium
2222 1345 2519 1436 exiguum
2562 1344 2661 1410 vel
2702 1367 2829 1410 nou
2873 1347 3167 1427 exiguum

483 1483 618 1526 esse
662 1468 887 1543 potest,
929 1461 982 1526 si
1005 1463 1169 1542 quis
1211 1468 1323 1540 est,
1366 1462 1476 1544 qui
1519 1461 1640 1526 hoc
1681 1462 2010 1527 consilium
2050 1463 2235 1544 cepit.
2314 1461 2414 1526 Ex
2467 1463 2699 1544 quibus
2741 1472 3011 1547 apparet
3052 1466 3167 1529 ad-

488 1581 783 1644 iectivum
815 1574 984 1664 βαιά
1021 1580 1346 1670 minusad
1380 1580 1848 1645 substantivum
1884 1567 2317 1668 ἐνθυμήματα
2353 1580 2753 1647 referendum
2781 1604 2931 1662 esse,
2976 1604 3168 1664 quam

483 1699 568 1765 ad
599 1699 862 1764 verbum
901 1695 1088 1781 ἔχειν,
1133 1706 1207 1763 ut
1249 1721 1375 1764 non
1423 1700 1507 1763 sit
1547 1721 1660 1764 cur
1702 1701 2005 1764 miremur
2033 1700 2412 1764 adiectivum
2455 1700 2664 1765 locum
2692 1702 3000 1765 usitatum
3045 1723 3167 1767 non

484 1826 715 1883 tenere.
784 1816 1122 1883 Possumus
1165 1818 1457 1883 omnibus
1500 1818 1806 1883 eiusmodi
1849 1817 2003 1883 locis
2052 1820 2244 1884 etiam
2286 1819 2684 1903 participium
2733 1812 2825 1884 (ῗίν
2857 1820 3167 1902 supplere,

379 1938 383 1942 ⁷
483 1937 603 2002 hoc
636 1938 843 2018 igitur
883 1937 1050 2006 loco:
1123 1933 1290 2020 ἔχε-ις
1333 1935 1456 2024 γὰρ
1497 1931 1642 2020 οὐχὶ
1683 1936 1849 2022 βαιὰ
1894 1931 2053 2004 ὄντα
2096 1931 2631 2026 τᾶνθυμήματα,
2677 1939 2850 2021 capis
2894 1937 3166 2014 consilia,

483 2078 648 2137 quae
695 2077 821 2120 non
866 2057 1093 2137 exigua
1135 2063 1302 2134 sunt,
1349 2057 1446 2120 vel
1487 2057 1596 2134 ita,
1639 2064 1714 2120 ut
1758 2077 1884 2120 non
1931 2057 2159 2138 exigua
2201 2058 2348 2120 sint.

710 2173 950 2238 Eadem
993 2181 1091 2239 est
1135 2196 1238 2239 res
1281 2175 1433 2239 Eur.
1466 2173 1662 2238 Andr.
1710 2180 1833 2238 800
1879 2174 2109 2239 κοινὰν
2148 2174 2271 2240 τὰν
2317 2168 2610 2240 εὔκλειαν
2654 2169 2877 2257 ἔχοντ’.
2955 2173 3171 2238 Gloria

484 2294 651 2357 enim
683 2313 808 2358 non
842 2285 1028 2376 prius'
1053 2295 1401 2357 communis
1434 2303 1568 2357 esse
1609 2299 1836 2375 potest,
1881 2314 2072 2374 quam
2116 2293 2346 2374 aliquis
2380 2293 2479 2358 vel
2512 2294 2867 2376 complures
2905 2293 3169 2373 gloriam

484 2403 780 2476 habent·
829 2394 946 2476 Est
1006 2413 1202 2493 igitur
1259 2408 1480 2490 κοινός
1533 2419 1764 2476 natura
1820 2412 2133 2493 quaedam
2193 2411 2422 2476 obiecti
2470 2405 2763 2490 εἶν’κλεια,
2839 2433 3003 2492 quae
3045 2433 3169 2475 non

484 2531 601 2593 nisi
671 2531 916 2594 actione
983 2532 1157 2595 verbi
1207 2521 1394 2613 ’ἔχειν
1451 2531 1623 2595 nasci
1695 2537 1925 2613 potest.
1994 2568 2073 2578 -
2144 2529 2401 2594 Phoen.·
2440 2536 2561 2594 375
2631 2530 2742 2595 καὶ
2814 2526 3170 2610 δυςλύτους

485 2644 728 2731 ἔχουσα
783 2648 904 2728 τὰς
960 2646 1338 2736 διαλλαγάς.
1437 2649 1886 2714 Reconciliatio
1942 2656 2079 2713 tum
2136 2650 2389 2712 demum
2447 2648 2721 2713 difficilis
2764 2659 2899 2714 8888
2940 2656 3168 2732 potest,

485 2769 537 2832 si
577 2768 720 2848 quis
761 2769 1043 2833 inimicos
1089 2757 1400 2850 quosdam
1442 2768 1845 2834 reconciliare
1890 2754 2172 2833 conatur
2230 2805 2292 2814 --·
2346 2766 2565 2850 Suppl.
2610 2773 2730 2830 433
2778 2765 2817 2832 ὅ
2864 2767 2919 2832 τ’
2958 2760 3168 2833 ἀσθε-

483 2885 595 2975 νὴς
641 2888 648 2972 Ι
697 2881 734 2953 ὁ
781 2860 1104 2964 hilariaco}
1147 2912 1218 2953 τε
1264 2886 1384 2978 τὴν·
1425 2886 1608 2975 δίκην
1652 2882 1800 2975 ἴσην
1850 2873 2001 2966 ἔχει.
2086 2887 2371 2968 Apparet
2430 2887 2531 2950 ius
2573 2891 2713 2949 tum
2755 2885 3011 2950 demum
3054 2907 3171 2968 par

483 3025 616 3070 8888
660 2991 955 3088 Ρο888,”’8ἰ
989 3006 1161 3070 inter
1205 3027 1516 3090 pauperes
1561 3014 1626 3071 et
1668 3007 1896 3070 'divites
1941 3007 2035 3070 ita
2074 3004 2495 3083 distribuitur,
2538 3011 2612 3068 ut
2655 3015 2872 3087 parem
2916 3006 3169 3085 utrique

483 3119 732 3206 partem
791 3126 947 3189 iuris
1005 3103 1456 3208 adipiscantur.
1503 3163 1581 3172 —-
1625 3124 1867 3189 Eadem
1910 3132 2007 3189 est
2055 3145 2157 3188 res
2200 3122 2341 3189 Hel.
2395 3129 2511 3187 160
2566 3119 2792 3210 Ἑλένῃ
2839 3125 2893 3190 δ’
2936 3121 3169 3206 ὅμοιον

484 3244 646 3326 σῶμ’
692 3239 902 3325 illm-0⁹
948 3238 1024 3308 οὗ
1078 3243 1200 3322 τὰς
1256 3242 1506 3332 φρένας
1554 3245 1561 3329 Ι
1607 3239 1779 3326 ἔχεις
1814 3238 2071 3328 ὁμοίας,
2136 3237 2306 3308 ἀλλὰ
2352 3234 2724 3329 διαφόρους
2768 3238 2960 3308 πολύ.
3046 3239 3167 3302 Ac-

481 3362 650 3426 cedit
691 3369 921 3441 autem,
963 3363 1136 3443 quod
1181 3359 1424 3446 ὁμοίας
1464 3363 1807 3445 opponitur
1837 3361 2029 3426 verbo
2075 3357 2465 3449 διαφόρους,
2512 3361 2809 3442 quodque
2852 3359 2971 3422 hae
3006 3359 3168 3423 duae

482 3501 662 3545 voces
715 3482 933 3546 eodem
975 3467 1163 3546 modo
1208 3502 1352 3545 cum
1392 3503 1540 3546 voce
1592 3479 1840 3568 φρένας
1870 3477 2249 3544 'commictae
2292 3487 2471 3558 sunt,
2525 3487 2609 3543 ut·
2639 3479 2899 3544 moleste
2939 3495 3007 3542 88
3047 3475 3165 3540 ha·-

383 3573 386 3578 ¹
481 3598 687 3679 beret,
744 3601 797 3664 si
854 3601 1060 3688 altera
1100 3601 1474 3683 interposita
1512 3607 1705 3678 esset,
1765 3599 1971 3662 altera
2012 3619 2139 3662 non
2182 3605 2366 3663 esset.
2413 3635 2497 3646 --
2548 3598 2687 3662 Η81.
2735 3603 2854 3662 730
2899 3590 3161 3679 τοῦνομ’

461 3697 602 3782 οὐκ
645 3705 808 3800 ἔχων
851 3715 1226 3806 ἐλεύθερον,
1277 3720 1284 3805 Ι
1331 3717 1447 3785 τὸν
1487 3720 1642 3784 νοῦν
1686 3714 1780 3784 δέ.
1865 3717 1963 3780 Ad
2006 3738 2146 3780 eam
2188 3737 2458 3794 causam,
2502 3725 2696 3798 quam
2728 3715 3020 3780 omnibus
3063 3715 3163 3778 his

480 3836 634 3925 locis
675 3838 888 3916 statui,
929 3839 1124 3903 etiam
1162 3840 1324 3904 illud
1371 3837 1628 3916 accedit,
1671 3837 1843 3918 quod
1885 3835 2149 3901 verbum
2192 3830 2545 3921 ἐλεύθερον
2586 3834 2807 3899 8ο(18’111
2848 3834 3035 3898 modo
3078 3832 3163 3896 ad

481 3935 712 4047 ὄνομα
751 3963 817 4021 et
871 3956 956 4021 ad
1013 3982 1166 4024 νουν
1214 3964 1488 4067 spectat,
1543 3943 1742 4038 qued,
1802 3956 1853 4020 si
1897 3955 2233 4039 Euripides
2286 3953 2363 4020 τὸ
2409 3946 2835 4038 ἐλεύθερον’
2808 3947 3020 4036 ὄνομα
3062 3950 3162 4015 vel

480 4098 600 4177 τον
640 4071 995 4160 ἐλεύθερον
1035 4081 1190 4142 νοῦν
1233 4060 1509 4155 dixisset,
1552 4075 1759 4139 minus
1804 4073 1984 4139 facile
2028 4074 2315 4155 cognosci
2356 4080 2625 4158 poterat.

706 4180 968 4260 Praeter
1010 4195 1195 4275 haec,
1253 4217 1416 4277 quae
1461 4194 1758 4274 tractavi,
1818 4192 2107 4278 exempla
2146 4193 2273 4256 alia
2325 4192 2759 4268 inveniuntur,
2819 4190 2884 4252 in
2928 4188 3161 4269 quibus

479 4297 743 4406 eandem
770 4335 905 4378 rem
943 4313 1273 4380 observare
1307 4315 1488 4379 licet:
1532 4311 1672 4377 Hel.
1710 4317 1828 4376 732
1867 4309 1989 4390 τὰς
2020 4309 2272 4399 ’φρένας
2302 4306 2415 4376 τ”
2387 4307 2557 4397 ἔχειν
2588 4332 2813 4388 κακας.
2878 4307 2964 4371 ib.
3002 4312 3156 4371 1385

481 4427 517 4496 ὁ
568 4431 724 4510 τοίς
768 4430 968 4517 ἕμους
1013 4434 1020 4520 Ι
1069 4459 1323 4538 γαμοις
1367 4429 1674 4517 ἑτοίμοις
1715 4429 1787 4497 ἐν
1825 4435 2047 4517 χεροῖν
2090 4427 2259 4513 ἔχειν
2300 4430 2533 4496 δοκῶν.
2618 4428 2871 4492 E1.737
2920 4425 3041 4492 τάν
3085 4423 3159 4491 δε

481 4544 704 4617 πίστιν
746 4552 1027 4640 ὰμικράν
1068 4554 1224 4639 παρ’
1269 4549 1474 4640 ἔμοιγ’
1519 4549 1671 4634 ἔχει.
1759 4535 1989 4615 Bacch.
2036 4555 2157 4614 947
2210 4548 2333 4626 τας
2374 4547 2449 4614 δὲ
2494 4547 2650 4634 πρὶν
2680 4544 2941 4636 φρένας
2986 4547 2993 4631 Ι
3042 4539 3159 4611 οὐκ

481 4661 651 4756 ειχες
714 4667 936 4757 ὑγιεῖς.
1025 4670 1164 4759 Iph.
1212 4670 1354 4734 Aul.
1402 4675 1524 4736 927
1583 4667 1923 4752 Χείρωνος
1992 4663 2267 4751 ἔιιαθον
2319 4667 2523 4746 τοὺς
2543 4663 2837 4753 τρόποις
2902 4655 3160 4741 ἆπλοῧς
