3559 5184
1673 141 1746 200 12

366 398 596 484 μυχόν.
681 403 910 468 Rarius
981 404 1174 470 verba
1237 407 1726 488 interponuntur
1785 413 1932 472 ante
1983 408 2535 489 praepositionem,
2609 407 2661 471 si
2726 408 3046 490 praecedit

365 519 868 601 substantivum,
937 525 1224 605 sequitur
1277 524 1683 603 adiectivum,
1753 532 1827 589 ut
1867 525 2089 591 Aesch.
2134 525 2341 590 Prom.
2397 531 2553 590 1059
2612 521 2838 591 τόπων
2878 522 3046 608 μετά

366 664 505 705 που
576 642 828 727 χωρεῖτ’
874 640 944 706 ἐκ
1011 644 1235 708 τῶνδε.
1320 643 1472 707 Eur.
1516 645 1714 708 Andr.
1763 649 1882 708 749
1942 642 2210 727 λιμένας
2269 636 2472 732 ἦλθες
2524 640 2621 722 εἷς
2674 638 3044 731 εὖηνέμους.

375 759 680 824 Genetivo
753 761 958 843 posito
1023 768 1167 843 post
1234 764 1758 845 praepositionem
1828 783 2151 844 nunquam
2216 762 2541 845 complura
2599 762 2789 827 verba
2847 764 3044 828 inter-

371 885 693 959 ponuntur
733 886 882 944 ante
939 881 1493 964 praepositionem,
1549 881 1660 946 sed
1701 889 1815 946 aut
1857 881 2204 964 particulae
2220 933 2234 960 ,
2289 889 2361 945 ut
2403 881 2626 946 Aesch.
2671 881 2878 946 Prom.
2922 887 3043 946 653

373 994 664 1078 ποίμνας
714 993 1108 1079 βουστάσεις
1159 1023 1230 1064 τε
1287 999 1459 1086 πρὸς
1511 996 1795 1081 πατρός,
1868 999 2019 1064 Eur.
2065 1000 2256 1082 Hipp.
2310 1006 2427 1066 149
2484 999 2718 1086 χέρσον
2761 1001 2829 1065 θ’
2872 996 3043 1084 ὑπὲρ

371 1111 738 1200 πελάγους,
809 1115 944 1180 1011.
991 1122 1113 1180 303
1171 1122 1429 1202 καρποῦ
1489 1119 1544 1184 δ’
1601 1114 1771 1202 ὑπὲρ
1830 1123 1971 1206 γῆς,
2060 1117 2281 1200 fragm.
2331 1124 2479 1197 775,
2550 1125 2623 1182 31
2695 1121 2937 1204 πηγαῖς
2990 1118 3043 1183 τ’

371 1231 474 1299 ἐπ’
512 1228 842 1311 Ὠκεανοῦ,
902 1242 1015 1299 aut
1055 1236 1306 1316 singula
1345 1236 1472 1301 alia
1513 1238 1731 1316 verba,
1794 1237 2014 1302 Aesch.
2061 1235 2234 1319 Sept.
2286 1242 2396 1300 185
2464 1235 2661 1324 βρέτη
2707 1233 3043 1314 πεσούσας

369 1350 540 1436 πρὸς
584 1350 1043 1435 πολισσούχων
1084 1359 1282 1420 θεῶν.
1365 1355 1516 1420 Eur.
1563 1355 1749 1420 Rhes.
1799 1361 1919 1418 660
1973 1350 2167 1432 εὐνὰς
2211 1349 2464 1444 ἤλυθον
2509 1354 2681 1442 πρὸς
2707 1353 3042 1440 (Έκτορος.

370 1470 478 1534 Or.
525 1477 608 1535 9-1
653 1468 881 1554 βούλει
921 1469 1140 1559 τάφον
1179 1497 1298 1558 μοι
1344 1473 1514 1557 πρὸς
1555 1470 1941 1563 κασιγνήτης
1980 1476 2225 1558 μολεῖν.

601 1590 776 1656 Haec
831 1599 982 1656 sunt
1037 1591 1350 1674 exempla,
1409 1592 1640 1673 quibus
1695 1601 1879 1658 ante
1937 1595 2461 1676 praepositionem
2505 1591 2697 1656 verba
2739 1591 3049 1672 quaedam

377 1709 752 1791 interposita
793 1718 976 1788 sunt3
1025 1731 1068 1792 p
1083 1733 1118 1775 o
1133 1733 1165 1775 s
1178 1717 1206 1774 t
1249 1711 1774 1793 praepositionem
1818 1733 1965 1776 vero
2008 1734 2265 1794 perraro
2309 1713 2502 1776 verba
2543 1712 3049 1793 interponuntur.

379 1828 566 1909 Apud
611 1829 991 1912 Aeschylum
1033 1829 1210 1894 nulla
1253 1831 1556 1896 eiusmodi
1612 1831 1899 1912 exempla
1941 1838 2189 1896 exstare
2233 1831 2540 1908 videntur,
2598 1829 2771 1911 apud
2812 1828 3051 1910 Sopho-

375 1946 532 2010 clem
575 1968 800 2010 unum:
851 1948 1004 2012 Oed.
1052 1947 1186 2012 Rex
1230 1955 1352 2012 455
1399 1947 1581 2035 ξένην
1623 1947 1738 2014 ἐπὶ
1785 1949 1791 2033 Ι
1841 1945 2147 2038 σκήπτρῳ
2191 1947 2581 2038 προδεικνὺς
2623 1952 2835 2033 γαῖαν,
2882 1946 3053 2029 apud

374 2065 742 2148 Euripidem
785 2066 936 2130 Hec.
989 2071 1103 2130 197
1152 2071 1273 2144 τᾶς
1328 2073 1454 2146 σᾶς
1511 2065 1670 2152 περί
1719 2091 1839 2150 μοι
1893 2073 2112 2153 ψυχᾶς
2169 2068 2605 2156 (Hartungius
2646 2067 2910 2130 metrica
2950 2087 3054 2129 ra-

373 2185 543 2248 tione
587 2192 966 2250 commotus:
1013 2183 1168 2270 περὶ
1213 2190 1336 2262 σᾶς
1376 2211 1494 2268 μοι
1544 2185 1808 2273 ψυχᾶς).
1882 2187 2013 2251 1011.
2048 2192 2165 2250 ‘262
2214 2184 2522 2272 γενναίων
2562 2186 2614 2250 τ’
2650 2179 2789 2250 ἀπὸ
2840 2185 2847 2268 Ι
2896 2208 3053 2269 τρα-

373 2306 580 2387 φεῖσα
623 2302 947 2387 πατέρων.
1027 2304 1162 2369 Ηο0
1206 2304 1342 2369 1000
1386 2307 1768 2388 praepositio
1812 2328 1853 2369 a
1895 2295 2291 2370 substantivo
2334 2327 2457 2370 non
2500 2303 2686 2368 modo
2730 2304 3055 2368 interiecto

371 2418 566 2484 verbo
625 2427 955 2510 τραφεῖσα
972 2472 988 2498 ,
1063 2423 1176 2487 sed
1231 2425 1423 2488 etiam
1477 2423 1602 2488 fine
1658 2445 1875 2488 versus
1928 2425 2303 2506 seiungitur,
2373 2431 2446 2487 ut
2500 2421 2637 2488 loco
2692 2421 3053 2505 Sophocleo.

379 2536 656 2604 Verbum
710 2538 1020 2626 γενναίων
1073 2549 1287 2606 autem
1341 2542 1683 2606 maximam
1725 2543 1855 2606 vim
1908 2545 2219 2608 enuntiati
2276 2544 2471 2608 habet
2514 2549 2579 2607 et
2620 2541 3057 2606 concinnitatis

375 2677 566 2722 causa
609 2667 871 2741 propter
900 2659 1160 2724 verbmn
1203 2655 1456 2725 κλεινόν
1485 2660 1734 2724 videtur
1775 2661 1946 2726 1111110
1988 2662 2194 2727 10011111
2233 2662 2483 2740 habere,
2527 2660 2727 2735 verbo
2754 2657 3059 2742 πατέριον

379 2776 512 2840 81110
556 2776 688 2840 ulla
729 2779 1039 2858 gravitate
1082 2780 1446 2861 postposite,
1504 2787 1576 2843 ut
1590 2830 1603 2857 ,
1647 2781 1701 2843 si
1745 2781 2046 2845 omissum
2089 2789 2279 2858 esset,
2338 2780 2497 2844 nihil
2538 2779 3055 2844 desideraremus.

377 2893 540 2958 Puto
611 2896 807 2976 igitur
877 2897 998 2962 hac
1069 2918 1136 2961 re
1205 2898 1684 2979 praepositionis
1751 2899 2225 2965 collocationem
2278 2901 2433 2966 satis
2488 2906 2853 2963 excusatam
2907 2917 3056 2972 esse,

377 3011 749 3094 Sophoclem
804 3036 949 3079 vero
1005 3016 1070 3078 in
1125 3016 1248 3080 fine
1303 3038 1598 3080 versuum
1669 3018 2003 3082 tractando
2066 3026 2315 3083 constat
2370 3017 2576 3082 multa
2626 3037 2852 3080 ausum
2908 3035 3058 3092 esse,

375 3152 540 3211 quae
589 3132 742 3196 alibi
789 3155 912 3198 non
955 3134 1372 3198 inveniantur.
1456 3134 1608 3198 Eur.
1655 3134 1905 3217 Fragm.
1955 3140 2090 3214 740,
2136 3144 2174 3199 4
2220 3137 2356 3200 κατ’
2389 3132 2599 3200 ἔναυλ’
2628 3128 2838 3219 ἀρέων
2884 3127 3052 3216 ἀβά-

379 3273 532 3328 τους
575 3248 692 3316 ἐπί
733 3276 805 3316 τε
849 3253 1192 3335 λειμῶνας.
1269 3253 1390 3318 Η10
1431 3253 1604 3318 100118
1639 3275 1831 3318 sanus
1864 3275 1998 3318 esse
2026 3275 2151 3318 non
2195 3261 2421 3336 potest,
2468 3275 2615 3318 nam
2656 3261 2721 3318 et
2763 3247 3055 3336 ἀβάτους

380 3369 702 3454 λειμῶνας
753 3391 1005 3436 8011811111
1054 3372 1350 3437 idoneum
1403 3393 1530 3437 11011
1589 3371 1855 3454 praebet
1909 3379 1973 3437 et
2030 3373 2182 3436 ordo
2228 3373 2562 3438 verborum
2608 3367 2898 3455 ἀβάτους
2940 3367 3057 3436 ἐπί

375 3513 446 3553 τε
489 3489 910 3554 admitti'non
956 3497 1194 3572 potest,
1252 3490 1588 3555 dicendum
1629 3492 1797 3554 enim
1840 3497 1978 3555 erat
2020 3498 2133 3555 aut
2181 3483 2473 3573 ἀβάτους
2510 3515 2581 3556 τε
2625 3487 2743 3556 ἐπί
2782 3497 2895 3554 aut
2942 3487 3050 3553 ἐπὶ

377 3601 670 3690 ἀβάτους
709 3633 780 3674 τε
822 3615 938 3672 aut
982 3606 1099 3674 ἐπί
1140 3633 1211 3673 τε
1256 3604 1600 3691 ἀβάτους.1
1653 3608 2124 3690 Relinquuntur
2155 3609 2349 3690 igitur
2382 3609 2510 3673 duo
2544 3609 2846 3691 exempla,
2893 3629 3054 3689 quae

374 3726 580 3804 attuli,
625 3734 815 3804 certa,
858 3726 1050 3809 Soph.
1098 3727 1251 3791 Oed.
1297 3727 1432 3791 Rex
1475 3734 1596 3790 455
1644 3735 1708 3791 et
1755 3727 1907 3792 Eur.
1953 3727 2097 3792 Jon.
2142 3733 2285 3790 262.

606 3845 789 3922 Quod
842 3867 988 3910 vero
1043 3867 1236 3928 supra
1294 3846 1426 3910 dixi
1485 3847 2041 3928 praepositionem,
2112 3867 2275 3928 quae
2333 3848 2497 3910 inter
2553 3846 2934 3910 attributum
2992 3851 3055 3907 et

379 3962 847 4028 substantivum
891 3964 1256 4042 intercedat,
1299 3963 1589 4030 omnibus
1628 3987 1921 4029 versuum
1964 3964 2115 4028 locis
2159 3965 2305 4046 poni
2346 3985 2543 4045 posse,
2597 3985 2800 4045 pauca
2841 3963 3037 4025 viden·

377 4088 484 4145 tur
535 4081 830 4146 addenda
893 4104 1045 4148 esse.
1147 4083 1410 4148 Constat
1469 4084 1637 4147 enim
1695 4085 1759 4146 in
1822 4082 2103 4148 versibus
2159 4082 2499 4146 recitandis
2558 4082 2722 4145 inter
2778 4080 3055 4162 singulos

377 4200 696 4265 trimetros
741 4223 1006 4283 pausam
1049 4200 1330 4281 aliquam
1373 4201 1606 4266 factam
1647 4223 1782 4266 esse
1797 4253 1811 4280 ,
1868 4208 1941 4265 ut
1998 4203 2052 4265 ei
2068 4252 2083 4278 ,
2142 4201 2250 4282 qui
2306 4200 2679 4282 spectabant
2693 4249 2707 4276 ,
2764 4205 3057 4263 naturam

377 4340 671 4382 versuum
726 4320 950 4384 melius
1014 4319 1376 4400 intellegere
1434 4327 1707 4401 possent.
1800 4321 1936 4396 Quo
1993 4321 2094 4398 fit,
2168 4327 2242 4382 ut
2308 4319 2433 4382 duo
2495 4317 2714 4394 verba,
2788 4338 3056 4399 quorum

378 4436 650 4502 alterum
706 4439 770 4501 in
814 4439 938 4504 fine
981 4460 1226 4516 versus,
1287 4438 1559 4502 alterum
1599 4439 1664 4501 in
1707 4440 1977 4520 proximi
2037 4439 2213 4501 initio
2257 4439 2341 4501 sit
2396 4438 2701 4521 positum,
2757 4457 2880 4499 non
2925 4443 3056 4499 tam

510 4693 552 4760 Ι)
607 4689 728 4746 vide
764 4707 885 4762 pag.
928 4693 960 4745 3
997 4696 1183 4745 annot.
1221 4693 1270 4746 2.
