3559 5184
1675 177 1756 247 ‚¹³30

371 441 777 518 collocatione
824 444 1027 519 minus
1067 463 1255 540 saepe
1297 452 1616 534 recedunt,
1660 469 1849 537 quam
1885 454 2237 543 Euripides.
2313 455 2649 522 Praeterea
2678 447 3051 541 Aeschylum

370 573 436 636 in
492 565 723 637 sabulis
771 571 1232 662 'posterioribus
1273 570 1734 656 diligentiorem
1781 575 1972 640 fixisse
1987 628 2001 655 ‚
2061 598 2249 657 quam
2293 577 2360 640 in
2404 577 2719 661 prioribus
2737 627 2751 655 ‚
2796 578 3051 662 saepius

372 691 691 756 observari
735 687 964 776 potest.
1070 783 1072 786 y

595 799 672 873 In
716 799 1052 895 particulis·
1090 809 1186 874 vel
1241 812 1384 876 aliis
1425 811 1634 876 verbis
1689 812 2163 898 interponendis
2210 814 2375 878 inter
2419 813 2948 898 praepositionem
2990 812 3055 876 et

371 929 831 1027 substantivum
889 918 1231 1014 Sophocles
1292 921 1526 1002 maiore
1574 919 1895 996 'libertate
1949 948 2103 995 usus
2156 939 2280 1012 est,
2340 953 2532 1013 quam
2589 930 2937 1014 Aeschylus
2988 938 3056 994 et

371 1022 723 1162 Euripides.
811 1045 1080 1112 Tantum
1136 1048 1395 1113 verbum
1463 1043 1689 1127 αὐτός,
1747 1049 2126 1132 ubicunque
2194 1049 2371 1130 lieet,
2440 1049 2613 1135 apud
2674 1048 3049 1132 Aeschylum

370 1167 810 1269 interponitur,
865 1165 1072 1230 rarius
1131 1166 1305 1270 apud
1349 1163 1750 1264 Sophoclem,
1806 1187 2129 1250 nunquam
2190 1169 2365 1254 apud
2424 1167 2809 1253 Euripidem.
2900 1166 3055 1232 Pro·-

369 1306 595 1351 nomen
642 1283 718 1350 σέ
759 1285 824 1348 in
866 1265 1275 1350 iurisiurandi
1315 1279 1600 1351 formulis
1633 1285 1975 1371 Sophocles
2017 1294 2083 1351 et
2114 1286 2452 1372 Euripides
2493 1287 2809 1352 interdum
2856 1287 3051 1349 inter-

371 1410 632 1489 ponunt,
675 1403 1023 1487 Aeschylus
1064 1402 1188 1468 hac
1229 1403 1498 1470 formula
1539 1423 1855 1486 nusquam
1896 1425 2048 1470 usus
2088 1411 2203 1470 est.

596 1521 670 1586 In
724 1523 1294 1614 praepositionibus
1345 1524 1514 1587 inter
1567 1503 1948 1590 attributum
2006 1531 2073 1588 et
2132 1523 2592 1588 substantivum
2666 1523 2887 1608 positis
2948 1522 3055 1584 vix

371 1640 706 1707 discrimen
764 1641 930 1706 inter
987 1640 1362 1725 Aeschylum
1425 1638 1793 1728 Sophoclem
1857 1641 2221 1728 Euripidem
2282 1641 2687 1707 statuendum
2742 1647 2873 1719 est,
2934 1640 3053 1703 nisi

373 1739 559 1841 quod*
597 1759 785 1845 ‘apud
841 1745 1210 1845 Sophoclem
1229 1811 1244 1839 ‚
1319 1762 1429 1842 qui
1501 1762 1752 1850 omnino
1816 1763 1883 1825 in
1934 1761 2059 1825 fine
2118 1781 2407 1825 versuum
2469 1759 2803 1825 tractando
2857 1758 3056 1824 multe

372 1872 664 1946 maiorem
722 1877 1078 1944 libertatem
1127 1879 1247 1944 sibi
1289 1880 1661 1963 assumpsit,
1722 1880 2103 1965 praepositio
2160 1881 2410 1965 saepius
2451 1885 2795 1944 extremum
2838 1897 3054 1942 versus

371 1997 572 2064 locum
618 2005 813 2062 tenet.

595 2115 672 2192 In
715 2113 1103 2200 anastrophe,
1145 2086 1483 2180 tractanda
1524 2114 1873 2199 Aeschylus
1915 2123 1979 2180 et
2022 2115 2363 2201 Sophocles
2417 2056 2843 2211 diligentiores
2886 2120 3052 2191 sunt,

369 2227 561 2316 quam
607 2234 960 2319 Euripides,
1046 2233 1149 2297 Illi
1206 2236 1730 2320 praepositionem
1794 2236 2043 2320 semper
2099 2235 2163 2300 in
2219 2234 2345 2298 fine
2387 2206 2817 2298 trimetrorum
2863 2230 3053 2296 collo-

372 2360 688 2431 caverunt,
742 2353 846 2417 hic
888 2354 1106 2437 paucis
1148 2352 1300 2417 locis
1341 2352 1424 2416 ab
1470 2352 1590 2417 hac
1632 2353 1769 2434 lege
1812 2351 2088 2418 recessit.
2178 2352 2420 2416 Deinde
2462 2354 2634 2446 apud
2675 2349 3049 2433 Aeschylum

372 2480 459 2536 et·
494 2471 863 2558 Sophoclem
939 2467 1224 2536 nonnulli
1296 2470 1416 2535 loci
1471 2472 1907 2549 inveniuntur,
1975 2470 2207 2553 quibus
2262 2467 2647 2556 praepositio
2702 2475 3049 2534 extremum

369 2589 683 2656 enuntiati
727 2590 929 2656 locum
975 2611 1100 2654 non
1145 2589 1355 2667 habet,
1399 2589 1571 2674 apud
1603 2589 1941 2675 Euripides
1974 2589 2204 2675 plureS,
2248 2592 2436 2655 etiam
2481 2589 2870 2682 interpositis
2910 2587 3053 2652 01110

369 2695 594 2789 verbis,
637 2731 760 2774 non
807 2709 992 2775 modo
1034 2707 1363 2794 particulis
1408 2707 1483 2774 δέ
1525 2715 1590 2772 et
1631 2707 1719 2786 τέ,
1763 2708 1935 2790 quod
1978 2710 2042 2772 in
2085 2707 2333 2774 illorum
2376 2708 2607 2772 sabulis
2649 2727 2774 2771 non
2818 2706 3049 2771 factum

369 2836 484 2907 est,
527 2826 647 2894 nisi
669 2801 1074 2914 ⁸praepositio
1117 2827 1302 2892 finem
1349 2827 1660 2891 enuntiati
1703 2827 1873 2891 facit.
1958 2823 2174 2906 Casus,
2231 2828 2298 2891 in
2338 2847 2469 2909 qua
2512 2825 2897 2912 anastrophe
2939 2825 3053 2889 ad-

373 2949 538 3025 mitti
574 2940 756 3026 solet,
799 2948 1124 3028 genetivus
1163 2946 1274 3024 est,
1319 2946 1491 3031 apud
1535 2937 1902 3031 Sophoclem
1942 2965 2210 3031 semper,
2250 2945 2422 3032 apud
2456 2943 2831 3029 Aeschylum
2867 2945 3054 3030 pauci

371 3066 490 3130 loci
533 3066 723 3132 alium
770 3085 980 3131 casum
1027 3064 1348 3151 praebent3
1392 3064 1606 3150 plures
1651 3064 1828 3148 apud
1870 3063 2257 3151 Euripidem.
