3559 5184
1684 147 1754 211 16

375 415 532 482 locis
550 445 554 449 ⁴
573 433 826 481 eausam
868 409 1229 497 intellegere
1269 435 1618 498 pessumus,
1667 439 1782 482 cur
1828 417 2049 482 Aesch.
2098 415 2289 499 Soph.
2326 415 2476 480 Eur.
2524 416 2607 480 ab
2650 410 2884 481 usitato
2928 424 3066 480 'ver-

379 534 606 600 borum
659 535 876 599 ordine
933 536 1322 600 recesserint.
1413 534 1729 601 Volebant
1789 539 1957 602 enim
2014 557 2495 617 nonnunquam,
2570 535 2637 598 id
2702 535 2874 616 quod
2940 537 3068 599 iam

283 744 288 748 .
377 659 601 736 supra¹
669 654 1253 731 animadvertimuS,
1317 653 1544 718 similia
1601 655 1700 718 vel
1758 657 1940 737 paria
2007 655 2202 718 verba
2254 655 2420 718 inter
2478 675 2543 718 se
2601 656 2888 736 opposita
2942 675 3067 717 nen

379 774 705 854 seiungere
759 773 1223 854 praepositione
1279 773 1378 836 vel
1433 773 1556 838 alio
1609 774 1803 838 verbo
1860 775 2233 857 interposito
2249 825 2263 851 ‚
2322 780 2403 837 ut
2460 774 2770 855 oppositio
2826 773 3068 838 facilius

379 893 827 974 perciperetur.
922 892 1022 954 Ad
1083 891 1246 956 hanc
1301 869 1437 955 rem
1493 892 2029 975 comprobandam
2083 892 2239 956 haec
2295 891 2583 974 exempla
2638 891 2925 955 sufficere
2982 891 3069 954 vi-

369 1011 652 1099 ‚de-ntur}
717 1010 942 1074 Aesch.
990 1009 1160 1092 Sept.
1203 1015 1240 1072 6
1283 1005 1656 1097 Ἐτεοκλέης
1713 1005 1795 1075 ἂν
1838 1015 2066 1076 πᾶσαν
2107 1002 2207 1088 εἷς
2250 1009 2416 1074 κατὰ
2463 1005 2701 1075 πτόλιν
2741 1011 2747 1095 Ι
2794 1005 3065 1089 ὗμνοῖτο

383 1151 498 1213 pro
540 1129 758 1193 ordine
797 1131 998 1210 magis
1039 1130 1274 1193 usitato
1319 1119 1415 1206 εἷς
1458 1129 1626 1194 κατὰ
1677 1135 1903 1195 πᾶσαν
1948 1125 2204 1206 πτόλιν,
2250 1149 2329 1191 110
2364 1129 2553 1192 verba
2597 1119 2693 1207 εἷς
2736 1135 2800 1192 et
2842 1129 3067 1192 πᾶσαν

381 1250 845 1320 dirimerentur.
935 1246 1234 1311 Similiter
1288 1247 1566 1312 eiusdem
1641 1248 1893 1313 fabulae
1952 1271 2008 1312 v.
2065 1255 2175 1312 451
2247 1245 2376 1332 λέγ’
2424 1241 2626 1311 ἄλλον
2698 1240 2933 1324 ἄλλαις
3003 1244 3070 1310 ἐν

383 1363 629 1444 πύλαις
700 1361 1004 1452 εἰληχότα
1071 1386 1188 1448 pro
1253 1357 1452 1430 ἄλλον
1517 1365 1586 1431 ἐν
1645 1360 1881 1446 ἄλλαις
1937 1364 2199 1445 πύλαις.
2286 1366 2400 1447 Ag.
2471 1370 2625 1429 1318
2688 1361 2853 1430 ὅταν
2910 1363 3064 1452 γυνή

393 1484 700 1572 γυναικὸς
745 1479 881 1548 ἄντ’
928 1482 1087 1566 ἐμοῦ
1134 1479 1310 1573 θάνῃ
1357 1506 1472 1567 pro
1515 1485 1670 1574 γυνὴ
1720 1481 1867 1551 ἀντὶ
1911 1484 2215 1572 γυναικὸς
2259 1483 2480 1568 ἐμοῦ.2
2549 1482 2741 1566 Soph.
2790 1485 2938 1548 Ant.
2992 1491 3068 1547 55

389 1611 528 1682 594,
579 1609 756 1680 1066,
807 1607 983 1693 1266.
1070 1601 1221 1666 Eur.
1259 1603 1457 1667 Andr.
1501 1609 1676 1668 1195.
1762 1603 1990 1668 Bacch.
2036 1609 2171 1666 179.
2256 1603 2477 1684 fragm.
2517 1609 2615 1681 2-1,
2667 1611 2717 1666 1.
2807 1601 3071 1685 Saepius

385 1725 606 1800 etiam,
661 1729 735 1784 ut
753 1777 756 1782 .
776 1720 1036 1784 verbum
1067 1721 1366 1802 aliquod,
1422 1724 1594 1803 quod
1635 1723 1936 1787 maiorem
1978 1723 2105 1784 vim
2148 1721 2435 1799 haberet,
2492 1722 2721 1802 insigni
2778 1721 3071 1802 quodam,
3174 1721 3178 1724 ’

383 1841 482 1905 vel
522 1841 835 1904 enuntiati
877 1840 974 1904 vel
1017 1861 1232 1904 versus
1271 1841 1406 1905 loco
1451 1848 1764 1919 ornarent,
1813 1840 1923 1905 illa
1964 1841 2289 1905 collocatio
2332 1847 2639 1922 usurpata
2681 1847 2796 1905 est.
2870 1839 3061 1922 Soph.

387 1961 541 2028 Oed.
587 1959 738 2040 Reg.
787 1963 904 2021 712
953 1954 1070 2023 οὐκ
1115 1955 1242 2044 ἐρῶ
1288 1959 1294 2044 Ι
1349 1955 1606 2044 Φοίβου
1650 1961 1702 2046 y'
1752 1955 1867 2025 ἀπ’
1915 1955 2152 2036 αὐτοῦ,
2216 1963 2347 2024 τῶν
2404 1960 2459 2024 δ’
2504 1956 2849 2046 ὑπηρετῶν
2904 1952 3063 2024 ὂῖπο.

388 2077 670 2143 Verbum
717 2075 974 2161 Φοίβου
1021 2079 1294 2160 primum
1339 2099 1554 2143 versus
1596 2078 1805 2162 locum
1847 2086 2048 2157 tenet,
2112 2099 2254 2142 cum
2296 2078 2505 2142 verbis
2548 2083 2679 2158 τῶν
2722 2077 2776 2143 δ’
2820 2073 3067 2164 ὑπηρε-

387 2200 520 2264 τῶν
579 2204 952 2278 opponatur.
1040 2195 1190 2259 Eur.
1237 2196 1402 2260 Med.
1459 2203 1612 2260 1255
1675 2203 1800 2274 σᾶς
1858 2195 1981 2284 γὰρ
2037 2173 2513 2284 χρ1·σέας’ἅπὸ
2569 2201 2767 2283 γονᾶς
2822 2198 2888 2260 in
2945 2201 3067 2274 σᾶς

386 2324 580 2380 totus
615 2316 1071 2379 sententiarum
1123 2336 1322 2380 nexus
1377 2317 1622 2397 positus
1683 2323 1807 2393 est,
1868 2323 1942 2380 ut
1985 2337 2097 2382 suo
2140 2319 2277 2380 iure
2318 2317 2520 2399 primo
2565 2317 2875 2379 enuntiati
2930 2315 3067 2379 1000

389 2443 681 2500 ornatum
724 2435 824 2497 sit.
902 2432 1143 2497 Similia
1184 2435 1568 2499 inveniemus
1597 2435 1796 2498 Andr.
1832 2439 1971 2513 623,
2019 2441 2160 2498 974.
2250 2434 2436 2498 Herc.
2468 2433 2586 2496 fur.
2630 2439 2764 2498 158.
2843 2433 3065 2514 fragm.

393 2559 486 2632 76,
546 2558 603 2616 2.
700 2555 831 2629 122,
891 2555 984 2614 6.³
1071 2559 1211 2630 415,
1257 2557 1314 2616 2.
1405 2558 1542 2631 524,
1587 2561 1646 2616 3.
1732 2552 1905 2617 Haec
1957 2553 2244 2636 exempla
2302 2551 2587 2616 sufficere
2640 2553 2934 2616 videntur
2986 2552 3069 2616 ad

385 2673 468 2752 id,
525 2672 698 2752 quod
736 2670 884 2748 dixi,
925 2670 1394 2734 illustrandum.
2951 2687 2957 2690 ·

551 2835 556 2839 -
616 2790 712 2855 De
753 2796 1014 2853 accentu
1061 2791 1595 2872 praepositionum
1637 2791 1805 2854 inter
1837 2790 2153 2854 attributa
2184 2797 2251 2854 et
2280 2789 2677 2855 substantiva
2704 2789 3068 2871 positarum,

389 2929 519 2992 qua
571 2909 637 2972 in
678 2929 748 2972 re
791 2915 854 2972 et
904 2909 1072 2972 inter
1092 2900 1356 2974 -veteres
1411 2909 1696 2974 homines
1737 2909 1956 2972 doctos
2000 2909 2305 2973 dissensio
2349 2908 2499 2986 fuit,
2554 2929 2758 2989 neque
2798 2908 3069 2972 editores

389 3021 766 3093 recentiores
822 3028 1003 3091 video
1059 3027 1179 3092 sibi
1235 3028 1617 3106 constitisse,
1673 3027 1817 3092 vide
1860 3047 2022 3108 quae
2068 3027 2504 3092 disseruerunt
2548 3027 3071 3108 Gottlingius

391 3151 459 3211 in
501 3147 681 3225 libre,
726 3147 848 3227 ⁴qui
889 3145 1284 3210 inscribiturz
1350 3146 1736 3228 Allgemeine
1774 3145 1979 3210 Lehre
2022 3167 2162 3211 vom
2206 3149 2443 3210 Accent
2484 3146 2597 3210 der
2638 3145 3093 3227 griechischen.

393 3266 856 3350 Sprache·-pag.
893 3270 1242 3329 376-381
1293 3271 1359 3329 et
1397 3265 1809 3345 Lehrsius,
1855 3267 2252 3347 quaestiones
2294 3267 2507 3348 epicae
2550 3285 2693 3347 pag.
2732 3269 3068 3328 68-100,

1646 3525 1682 3620 §
1715 3535 1720 3540 ’
1751 3527 1814 3599 3.

798 3671 892 3742 De
935 3657 1556 3762 praepositionibus
1601 3679 1756 3763 post
1801 3667 2238 3743 substantiva
2284 3666 2660 3742 collocatis

622 3822 1190 3910 Praepositionum‚
1247 3845 1409 3910 quae
1464 3823 1863 3892 substantiva
1919 3832 2297 3907 sequuntur,
2358 3845 2551 3906 quam
2604 3819 3074 3889 collocationem

394 3945 724 4048 brevitatis
761 3967 952 4011 causa
987 3947 1412 4030 anastrophen
1444 3945 1763 4010 nominare
1794 3945 1951 4012 mihi
1973 3945 2191 4034 liceat,
2249 3960 2635 4026 quamquam
2664 3943 2784 4007 hoc
2813 3942 3075 4022 verbum

523 4169 566 4233 ι)
620 4164 744 4220 vide
780 4183 905 4235 pag.
943 4169 990 4222 7.

522 4272 570 4340 ι)
626 4271 963 4340 Quamquam
999 4267 1256 4340 γυναικός
1301 4274 1358 4324 et
1411 4268 1548 4344 ἐμοῦ
1596 4283 1704 4322 11011
1755 4264 1971 4338 proprie
2009 4263 2344 4322 attributum
2385 4268 2443 4321 et
2482 4262 2885 4322 substantivum
2929 4264 3074 4318 sunt.

398 4353 508 4412 Cur
557 4362 741 4411 autem
777 4357 1053 4424 Krngerns
1095 4357 1128 4408 l.
1179 4373 1222 4408 0.
1272 4355 1341 4424 H,
1389 4358 1474 4423 68,
1522 4358 1554 4409 G
1604 4357 1791 4408 annot.
1842 4356 1985 4408 hanc
2034 4354 2443 4409 collocationem
2486 4352 2766 4407 insolitam
2813 4351 3075 4418 nominet,

397 4456 505 4496 non
543 4439 716 4509 videm
751 4459 872 4496 cum
908 4459 1016 4496 non
1057 4439 1168 4495 alia
1206 4440 1297 4508 sit,
1334 4457 1496 4508 quam
1531 4439 1779 4494 omnibus
1816 4439 1919 4508 his»,
1955 4457 2085 4508 quos
2120 4445 2441 4507 tractamu8‚
2478 4439 2629 4492 loeis,

527 4545 572 4616 θ)
627 4545 714 4600 Ad
761 4543 905 4601 hunc
948 4563 1185 4612 versum,
1241 4545 1334 4614 qui
1383 4549 1469 4598 est
1505 4543 1785 4614 Aristoph.
1822 4543 2034 4600 Thesm.
2091 4547 2253 4611 1034,
2306 4543 2603 4597 scholiasta
2657 4543 2915 4596 adnotat:
2986 4544 3077 4594 καὶ

402 4632 559 4686 τοῦτο
613 4629 672 4691 ἐξ
699 4629 1087 4705 Ἀνδρομέδας.
1159 4633 1352 4699 Itaque
1403 4630 1858 4700 Aristophanem,
1893 4631 2036 4684 hunc
2096 4631 2272 4684 locum
2319 4627 2676 4697 Euripideum
2740 4630 2809 4682 ad
2856 4628 3077 4682 verbum

401 4717 842 4787 transscripsisse
876 4718 1181 4786 putandum
1217 4723 1317 4771 est.
