3559 5184
1812 149 1883 208 21

508 436 698 480 causa
740 414 1055 480 reicienda
1096 421 1192 480 est
1235 421 1300 480 et
1343 415 1742 480 scribendum
1806 414 1906 481 vel
1958 412 2415 505 ὑποστραφείς
2457 415 2555 480 vel
2598 412 3054 504 ἐπιστραφείς,
3115 422 3188 480 ut

509 534 574 596 in
619 532 936 615 plerisque
977 532 1358 599 editionibus
1399 534 1636 599 factum
1677 539 1793 601 est.
2884 613 2889 620 ‚

735 650 978 716 Deinde
1035 653 1100 716 in
1145 651 1624 718 Trachiniarum
1677 675 1863 718 versu
1921 659 2043 718 614
2098 613 2406 718 traditum
2461 659 2587 718 est.
2654 644 2691 718 ὃ
2734 657 2944 730 κεῖνος
2986 628 3195 738 εὖμαέ

510 771 635 848 θὲς
679 770 688 855 Ι
737 770 1166 858 σφραγῖδος*
1141 769 1330 857 ἕρκος
1370 773 1522 857 τῷδ’
1557 766 1721 838 ἔνθ’
1695 767 1880 858 ὄμμα
1920 767 2229 860 θήσεται,
2275 791 2437 857 quae
2481 771 2675 836 verba
2714 773 3017 838 mendosa
3053 795 3189 838 esse

511 910 691 953 nemo
747 909 873 954 non
924 891 1254 972 intellegit.
1340 891 1543 968 Quam
1599 890 1680 956 ob
1737 910 1873 956 rem
1932 911 2008 954 ne
2053 911 2129 956 ex
2181 890 2301 955 hoc
2343 890 2600 973 quidem
2643 890 2778 955 loco
2819 875 3189 962 concludere

511 1027 840 1089 possumus
883 1009 1374 1090 praepositiones
1417 1011 1483 1074 in
1519 1008 1935 1092 anastropha-
1969 1010 2141 1074 intra
2182 1031 2432 1074 versum
2475 1010 2712 1090 positas
2756 1029 2909 1096 esse.
2998 992 3190 1090 ‘Quod

508 1125 850 1208 Burgesius
907 1129 1198 1206 coniecit»,
1255 1136 1320 1194 et
1365 1128 1873 1194 Schneidewinus
1938 1135 2003 1193 et
2043 1127 2365 1210 Nauckius
2420 1129 2489 1222 in
2549 1127 2822 1193 editione
2858 1149 2977 1195 sua
3018 1151 3189 1195 rece-

511 1253 788 1327 peruntz-
823 1247 994 1333 τῷδ’
1039 1242 1142 1312 ἔπ’
1189 1238 1260 1314 εὖ.
1302 1243 1688 1334 μαθήσεται
1706 1297 1723 1326 ,
1779 1247 2001 1314 eodem
2044 1247 2196 1312 vitio
2246 1245 2525 1338 laborat.
2613 1246 2755 1312 Huc
2788 1229 3067 1327 accedit,
3122 1249 3190 1311 id

510 1364 680 1445 quod
721 1365 850 1429 iam
891 1371 1113 1446 supra¹
1167 1367 1660 1445 commemoravi,
1704 1365 1877 1447 quod
1922 1339 2267 1447 Sophocles⁸
2303 1365 2829 1448 praepositionem
2874 1351 3009 1433 ἐπί
3029 1389 3191 1430 nun-

455 1507 458 1510 *
509 1503 702 1564 quam
743 1484 809 1547 in
852 1485 1240 1566 anastropha
1284 1487 1506 1566 posuit,
1566 1492 1894 1568 praeterea
1933 1484 2094 1550 illud
2138 1467 2405 1566 quoque,
2460 1485 2632 1566 quod⁴
2676 1485 2742 1548 in
2786 1485 2999 1550 dativo
3025 1499 3192 1560 ,casu

507 1601 933 1683 anastrophen
975 1623 1100 1667 non
1143 1603 1402 1668 admisit
1434 1603 1792 1686 Sophocles,
1840 1605 1921 1668 de
1955 1625 2084 1685 qua
2132 1623 2200 1667 re
2242 1602 2399 1680 vide,
2441 1624 2605 1684 quae
2642 1603 2807 1668 intra
2850 1604 3035 1689 (pag.
3082 1609 3189 1684 29)

508 1720 834 1801 disputata
901 1727 1069 1785 sunt.
1172 1721 1430 1788 Etiam
1431 1721 1614 1788 illud
1683 1722 1835 1789 addi
1908 1727 2149 1804 potest,
2223 1722 2394 1804 quod
2462 1723 2590 1786 iam
2656 1724 2905 1804 saepius
2964 1711 3193 1801 monui,

508 1838 826 1904 elisionem
871 1840 936 1903 in
979 1840 1368 1922 anastrophe,
1411 1861 1666 1922 perraro
1707 1842 2005 1918 inveniri,
2070 1839 2241 1921 apud
2286 1839 2477 1928 Soph.
2520 1842 2767 1905 nonnisi
2811 1842 2877 1906 in
2920 1825 3223 1914 carmine.

506 1956 702 2040 lyrico
745 1956 908 2021 Phil.
963 1965 1100 2023 190.
1176 1959 1402 2042 Itaque
1445 1961 1923 2042 coniecturam,
1916 1979 2095 2040 quae
2126 1957 2559 2025 Billerbeckio
2600 1958 2869 2024 debetur
2910 1967 3193 2042 recepta-

507 2097 631 2156 que
699 2083 798 2140 est
867 2099 908 2142 a
953 2071 1432 2143 Dindorfi013
1489 2084 1702 2158 κεῖνος
1761 2073 2018 2156 εὐθέως
2076 2079 2084 2161 Ι
2150 2080 2521 2166 σφραγῖδος
2588 2075 2763 2164 ἕρκει
2820 2080 2971 2166 τῷδ’
3029 2077 3195 2145 ἐπὸν

507 2188 899 2280 ιιιαθηίῒεται
961 2191 1244 2276 (εὐθέως
1303 2197 1668 2262 Dindorfius
1723 2198 1859 2279 ipse
1921 2216 2038 2278 pro⁴
2080 2191 2376 2280 εὐμαθές
2419 2175 2727 2282 coniecit)
2768 2197 3194 2294 accipiendam

518 2335 654 2380 esse
696 2335 935 2380 censeo,
1411 2393 1416 2398 ⁸
3007 2301 3013 2308 ⁸

721 2431 1022 2498 Videmus
1089 2435 1286 2515 igitur
1342 2432 1586 2498 nullum
1617 2435 1706 2498 in
1762 2432 2058 2527 Aeschyli
2114 2441 2180 2503 et
2231 2433 2560 2529 Sophoclis
2617 2433 2937 2526 codicibus
2988 2433 3195 2527 locum

509 2559 789 2632 exstare,
817 2573 974 2634 ·quo
1034 2550 1210 2618 illam
1253 2551 1455 2635 legem
1468 2603 1482 2632 ,
1545 2573 1738 2636 quam
1781 2553 1943 2632 dixi,
1994 2574 2127 2617 *non
2170 2561 2485 2618 servatam
2528 2573 2661 2618 esse
2706 2550 3043 2618 concedere
3083 2525 3195 2619 de—

513 2672 788 2736 beamus.
844 2669 1100 2753 ·Itaque
1155 2679 1308 2753 puto
1371 2671 1544 2736 illam
1606 2673 2138 2754 praepositionum
2193 2672 2665 2738 collocationem
2714 2649 3089 2736 coniecturis
3131 2672 3196 2734 in

513 2789 804 2873 Aeschyli
848 2796 913 2854 et
956 2789 1282 2872 Sophoclis
1323 2790 1572 2856 fabulas
1612 2792 1891 2872 recipere
1933 2790 2115 2856 nobis
2158 2810 2284 2872 non
2323 2791 2526 2876 licere,
2592 2797 2666 2855 ut
2709 2775 2936 2854 Aesch.
2977 2789 3195 2873 Suppl.

518 2913 658 2987 254,
700 2907 922 2991 fragm.
967 2914 1110 2987 305,
1157 2915 1213 2988 9,
1262 2909 1452 2993 Soph.
1496 2907 1722 2974 Trach.
1771 2916 1892 2976 615
1941 2909 2179 2974 factum
2222 2916 2337 2976 est.
3021 2892 3027 2897 ⁸

698 3026 979 3092 Contra
1033 3027 1368 3110 Euripides
1426 3028 1669 3094 diverse
1725 3027 1891 3093 hanc
1948 3050 2083 3093 rem
2140 3030 2457 3094 tractavit.
2554 3027 2970 3092 Inveniuntur
3032 3026 3199 3091 enim

517 3144 690 3226 apud
733 3167 878 3213 eum
921 3145 1224 3213 nonnulla
1267 3147 1568 3229 exempla,
1607 3167 1999 3232 quamquam
2041 3169 2191 3214 rara
2234 3149 2301 3211 in
2333 3153 2517 3212 tanta
2546 3145 2977 3252 exemplorum
3005 3145 3198 3226 copia,

515 3264 748 3346 quibus
788 3267 1166 3348 praepositio
1213 3267 1279 3328 in
1323 3261 1710 3350 anastropha
1749 3274 2104 3333 extremum
2141 3286 2357 3331 versus
2398 3251 2606 3331 locum
2637 3285 2761 3329 nou
2804 3270 2994 3341 tenet,
3040 3283 3199 3344 quos

516 3383 706 3462 locos,
764 3405 908 3448 cum
960 3383 1106 3448 libri
1161 3386 1227 3447 in
1279 3385 1596 3466 scriptura
1647 3406 1774 3449 non
1834 3385 2238 3464 dissentiant,
2295 3391 2369 3448 ut
2423 3385 2590 3448 inter
2634 3403 2701 3447 se
2745 3380 3088 3470 fulciantur
3131 3380 3195 3444 hi

517 3501 654 3581 loci,
697 3510 948 3568 mutare
989 3502 1170 3568 nobis
1214 3523 1340 3567 non
1378 3502 1579 3568 licet.
2403 3501 2406 3506 ‘

645 3659 650 3666 ·
749 3620 911 3686 Sunt
953 3629 1168 3686 autem
1204 3621 1325 3686 loci
1362 3621 1464 3686 111.
1537 3621 1675 3701 Hel.
1726 3627 1847 3686 750
1905 3620 2181 3710 νεφέλης
2225 3617 2393 3706 ὕπερ
2462 3615 2875 3704 θνήσκοντας
2930 3613 3200 3702 εὶςορῶν

515 3739 782 3829 φίλους,
843 3739 951 3805 ubi
967 3791 982 3819 ‚
1036 3741 1156 3804 nisi
1216 3740 1344 3806 alia
1393 3740 1582 3806 huius
1643 3741 2069 3806 collocationis
2112 3739 2399 3823 exempla
2440 3737 2846 3815 haberemuS‚
2891 3735 3199 3847 facillime

510 3855 1090 3949 ὑπερθνὴσκονσας
1139 3860 1414 3924 scribere
1471 3879 1811 3942 possemus.
1850 3907 1854 3912 -
1899 3857 1997 3924 El.
2046 3863 2168 3938 574
2231 3854 2303 3946 ἤν
2346 3855 2607 3934 ποτ’,ἐν
2651 3853 2906 3942 πατρὸς
2966 3847 3201 3937 δόμοις

515 3980 522 4064 Ι
569 3977 800 4066 νεβρὸν
849 3973 1106 4045 διώκων
1149 3982 1268 4043 aaz·
1311 3975 1469 4061 μέθ’
1495 3974 1769 4066 ἡμαχθη
1817 3973 2403 4056 πεσων,11).1026
2450 3972 2690 4041 ἔκτεινε
2735 3973 3001 4040 πολλῶν
3041 3969 3202 4057 μίαν

515 4095 705 4182 ὅπερ.
793 4099 878 4162 ib.
932 4103 1090 4161 1125
1139 4090 1390 4163 τούτων
1433 4094 1602 4181 ὑπερ
1646 4121 1764 4179 μοι
1810 4102 2042 4163 θῦσον.
2128 4094 2355 4160 Bacch.
2396 4098 2511 4156 732
2561 4088 2910 4181 θηρώμεθ’
2946 4085 3202 4174 ανδρῶν

513 4217 699 4282 τῶνδ’
743 4214 886 4282 ὕπ’·
937 4211 1075 4282 ἀλλ’
1119 4223 1236 4280 etc.
1321 4215 1494 4280 Haec
1547 4216 1862 4298 scriptura
1918 4216 2086 4282 enim
2140 4214 2362 4280 melior
2404 4213 2687 4296 videtur,
2739 4233 2933 4293 quam
2983 4211 3067 4288 si,
3128 4216 3202 4274 ut

515 4335 761 4400 Paleius
815 4334 979 4413 vult,
1035 4334 1306 4399 verbum
1371 4329 1510 4400 ὑπό
1569 4335 1658 4399 ad
1707 4357 1810 4414 ea,
1885 4356 2049 4416 quae
2106 4340 2487 4415 sequuntur,
2554 4309 2931 4397 referimus..
2989 4327 3203 4400 Etiam

515 4452 853 4542 Elmsleius
909 4460 974 4518 et
1029 4450 1394 4518 Dindorfius
1451 4452 1559 4520 illo
1619 4454 1805 4525 modo
1861 4453 2032 4520 hunc
2090 4452 2296 4546 locum
2356 4449 2659 4537 scribunt.
2756 4448 3001 4530 Deinde
3048 4447 3199 4530 -Iph.

647 4708 694 4775 ι)
755 4707 822 4762 cf.
856 4723 1020 4776 supra
1061 4723 1184 4776 pag.
1229 4710 1307 4762 18.
